3584 5292
391 578 437 648 oo
873 562 938 654 t

396 767 462 849 ipso
488 767 597 830 adduci
624 769 778 846 videmur,
806 790 899 850 quum
927 774 1086 850 poetarum
1112 771 1329 834 consuetudine
1354 771 1448 832 verba
1471 789 1505 830 re

397 873 430 932 eb
451 869 602 934 sententia
624 872 816 939 cohaerentia
832 872 932 950 megia
955 873 1052 934 metro
1072 877 1253 953 separentur
1274 893 1363 956 quam
1384 873 1506 936 ooniuu·

397 975 517 1054 gantur.
832 1025 834 1032 .

484 1075 542 1140 111.
572 1096 601 1139 v.
619 1080 681 1139 221
705 1063 742 1137 οὗ
764 1068 826 1155 γὰρ
850 1066 890 1136 ἂν
911 1069 1036 1157 μακράν
1058 1113 1102 1122 -
1124 1069 1244 1156 ῖχνενον
1263 1068 1359 1156 αὐτό,
1381 1069 1426 1159 μὴ
1451 1067 1509 1138 οὐκ

401 1168 462 1256 tigre
482 1199 515 1240 τι
537 1171 704 1258 σύμβολον.
736 1177 795 1240 Pro
817 1168 897 1244 αὐτὸ
917 1177 1031 1258 legitur
1051 1178 1084 1240 in
1098 1177 1231 1242 Florent
1249 1183 1281 1243 Γ
1298 1173 1406 1257 αὐτός,
1430 1175 1510 1258 quod

399 1282 533 1362 profecto
555 1279 701 1346 eiusmodi
722 1282 771 1342 eet
793 1283 829 1342 ut
848 1280 936 1345 aule
955 1280 1186 1361 praeferendum
1207 1281 1354 1343 videatur.

487 1403 516 1444 v.
536 1385 598 1446 439
623 1374 669 1457 ὡς
691 1373 790 1444 πάντ’
813 1374 893 1464 ἶν’γαν
916 1376 1041 1447 αῖνικτὰ
1062 1370 1192 1468 κοῖσαφῆ
1213 1377 1324 1465 λέγεις.
1368 1380 1418 1444 sie
1430 1380 1511 1444 Lau·

401 1487 477 1547 rent.
493 1487 551 1564 A,·
573 1485 628 1546 aed
648 1484 728 1546 Flor.
750 1487 781 1545 Γ
800 1503 854 1566 pro
873 1473 1008 1569 κᾶσαφῆ
1030 1486 1157 1566 praebet
1178 1482 1234 1548 κού
1257 1487 1364 1572 σαφῆ,
1383 1503 1513 1566 quorum

402 1593 505 1654 uuum
522 1588 583 1650 utri
603 1588 845 1668 anteponendum
868 1587 909 1650 sit
928 1589 1125 1650 vehementer
1146 1589 1317 1668 ambigitur.

486 1710 514 1751 τ.
539 1693 624 1752 1020
647 1681 721 1752 ἀλλ’
747 1682 785 1752 οῖ
804 1681 839 1752 α’
864 1682 1002 1772 ἐνεῖναί
1024 1682 1096 1752 οὔτ’
1118 1684 1238 1767 ἐκεῖνος
1260 1686 1319 1756 otiu
1338 1685 1412 1774 ἐγώ.
1453 1689 1513 1754 Pro

402 1793 530 1856 leotioue
552 1784 687 1876 iyeivuu'
711 1793 807 1856 oodex
829 1797 859 1856 Γ
876 1794 909 1854 in
930 1797 1021 1872 textu
1039 1794 1166 1874 praebet
1185 1786 1335 1879 ἐφύσατῖ,
1357 1813 1435 1875 quae
1455 1793 1513 1856 for-

404 1899 487 1958 tasse
509 1896 631 1978 propria
651 1898 760 1977 poetae
779 1916 841 1958 vox
863 1898 937 1958 erat

490 2019 519 2060 v.
537 2001 626 2072 1138Ι
642 1998 781 2078 χειμῶνα
802 1991 835 2062 δ’
850 1991 910 2084 ἤδη
926 1990 1015 2078 τάμά
1028 1990 1061 2061 τ’
1083 1991 1131 2073 εἷς
1143 1990 1264 2062 ἔπαοῖ
1286 1992 1349 2081 ἐγώ
1362 2033 1405 2044 -
1420 1989 1513 2081 {itav-

405 2124 459 2165 νον
480 2091 575 2178 οὗτος
596 2093 628 2162 τ’
652 2095 686 2176 ἐς
713 2095 755 2164 τὰ
780 2097 893 2166 Λαΐου
923 2096 1072 2181 σταθμοῖ.
1118 2101 1223 2167 codex
1244 2105 1274 2164 Γ
1304 2101 1429 2163 exhibet
1450 2119 1514 2177 χει-

405 2204 511 2284 μῶνος
529 2222 576 2286 γρ.
597 2203 736 2282 χειμῶνι.
772 2201 860 2264 Unde
882 2205 943 2266 iam
963 2203 1129 2284 antiquitus
1151 2204 1189 2264 de
1210 2206 1268 2265 boo
1287 2203 1516 2282 loco-dieoepta·

405 2309 471 2370 tum
490 2307 584 2370 fuisse
605 2305 639 2367 in
658 2308 762 2386 aperto
785 2309 848 2382 est3
875 2308 978 2366 utrum
1007 2307 1110 2366 nutem
1129 2306 1201 2368 huie
1225 2305 1384 2386 χειμῶνα,
1413 2323 1453 2364 au
1471 2304 1518 2366 illi

404 2411 536 2488 χειμῶνι
557 2407 627 2488 plus
647 2407 837 2470 tribuendum
859 2409 914 2485 sit,
936 2407 1132 2469 vehementer
1151 2407 1291 2483 dubium,
1313 2427 1406 2488 quum
1426 2407 1519 2470 etiam

406 2511 457 2572 ille
475 2509 722 2572 aecusatiniusus
739 2510 896 2591 (χειμῶνα,
909 2531 965 2593 per
974 2511 1115 2586 hiemem)
1131 2510 1206 2572 nihil
1217 2509 1388 2574 offensionis
1400 2512 1518 2573 habeat

555 2611 588 2678 C.
615 2612 745 2674 Electra
1461 2668 1464 2675 .

494 2717 519 2778 L
546 2737 575 2778 v.
600 2720 638 2790 75
661 2708 774 2798 καιρὸς
792 2707 867 2795 γάρ,
891 2706 997 2796 ὅσπερ
1014 2707 1161 2797 ’ἀνδράσι
1183 2749 1237 2786 —-,
1246 2707 1401 2794 μέγιστος
1425 2706 1519 2796 ἔργον

355 2875 369 2900 ,
409 2814 533 2894 παντός
546 2812 619 2882 ἐστ’
636 2811 823 2900 ἐπιστάτης.
844 2813 894 2878 Sio
905 2816 1236 2897 nemnem-rectius
1248 2807 1518 2899 οοαΓᾶνὸράσιν.

492 2943 521 2984 v.
543 2924 606 2984 295
629 2919 800 3007 τηνικαῦτα
823 2911 855 2982 δ’
879 2913 1024 3006 ἐμμανὴς
1049 2957 1082 2966 -
1107 2920 1175 3006 ’βοᾷ
1194 2917 1396 3004 παραστᾶσ’,
1419 2913 1456 2983 οὖ
1479 2916 1519 2985 σύ

288 3047 296 3060 ’
409 3047 467 3107 μοι
484 3017 581 3088 τῶνδ’
606 3016 706 3088 αἰτία.
735 3023 792 3085 Pro
812 3014 903 3085 αῖτῖα
924 3043 1068 3105 perverse
1089 3023 1178 3084 Laur.
1192 3024 1232 3085 A
1254 3015 1381 3103 praebet
1397 3016 1520 3100 αἰτίαις

410 3130 442 3192 in
463 3133 494 3193 Γ
516 3129 592 3192 nibil
612 3127 746 3208 corrupti
769 3126 882 3205 legitur
901 3126 960 3188 nisi
977 3117 1010 3206 γ’
1030 3143 1086 3207 pro
1108 3113 1154 3202 δ’,
1174 3124 1238 3188 τῶν
1256 3117 1290 3206 y’
1313 3144 1368 3204 pro
1387 3128 1453 3187 τῶν
1474 3117 1518 3203 δ’,

411 3232 631 3313 quodquidam
649 3231 756 3294 vitium
777 3229 1054 3310 frequentissimum
1074 3232 1130 3288 eat

496 3355 525 3398 v.
550 3338 612 3398 337
641 3332 742 3395 ταῦτα
767 3318 803 3394 δ’
831 3324 914 3392 ἄλλα
940 3325 996 3394 καὶ
1027 3325 1065 3394 σὲ
1092 3325 1253 3411 βούλομαι
1280 3330 1395 3394 ποιεῖν.
1438 3329 1520 3392 Looo

413 3436 520 3502 ποιεῖν
542 3437 647 3498 enatat
671 3434 704 3496 in
724 3431 814 3494 Leur.
834 3432 875 3493 A
893 3433 1003 3510 ποεῖν,
1033 3434 1112 3513 quod
1138 3435 1311 3513 corruptum
1338 3433 1459 3494 videtur
1480 3452 1521 3492 ex

413 3539 525 3619 ποεῖν,
555 3538 668 3600 usiteta
690 3534 743 3596 illa
771 3535 865 3597 forma
883 3555 942 3618 [pro
963 3536 1082 3598 ποιεῖν.
1122 3535 1225 3597 Etiam
1243 3535 1323 3598 Flor.
1345 3540 1376 3598 Γ
1397 3535 1521 3598 exbibet

413 3641 516 3704 ποεῖν.
555 3638 598 3703 Oi
620 3638 695 3703 Phil.
717 3658 747 3700 v,
771 3641 863 3700 1010.
990 3702 993 3714 ,

501 3761 529 3804 v.
552 3746 614 3804 421
636 3733 674 3818 ἔκ
699 3761 735 3804 τε
763 3733 856 3806 τοῦδ’
880 3733 946 3803 ἷῖνιο
974 3772 1017 3786 -
1043 3738 1195 3821 βλαστεῖν
1222 3734 1361 3821 βρύοντα
1388 3734 1521 3820 tumr,

414 3833 441 3929 ᾦ
464 3837 687 3909 κατάσκιον-
708 3843 818 3906 πᾶσαν
838 3836 992 3924 γενέσθαι
1011 3838 1067 3927 τὴν
1080 3835 1275 3926 Μυκηναῖον
1293 3835 1406 3920 χθόνα.
1444 3841 1522 3902 Reo-

415 3948 476 4010 tius
498 3948 626 4010 fortasse
656 3966 712 4027 pro
733 3940 769 4008 τὲ
797 3965 837 4008 ex
860 3943 941 4006 Flor.
962 3946 993 4006 Γ
1022 3947 1193 4008 restituitur
1218 3942 1254 4010 δὲ
1276 3946 1437 4027 particula,
1462 3965 1523 4025 qua

415 4051 515 4132 aptius
533 4051 630 4114 oratio
650 4051 690 4112 ad
710 4068 820 4110 novam
842 4047 992 4130 quandam
1007 4067 1072 4110 rem
1092 4053 1126 4110 et
1150 4069 1211 4129 qua
1228 4049 1318 4111 animi
1339 4050 1522 4112 audientium

416 4155 466 4216 vel
485 4155 617 4218 maxime
634 4155 877 4234 permoveantur,
892 4152 1095 4234 progreditur.
1132 4151 1223 4222 Quod
1241 4172 1314 4214 vero
1334 4153 1366 4212 in
1380 4153 1471 4214 Laut.
1482 4154 1523 4214 A

415 4277 470 4339 pro
491 4247 517 4343 ᾦ
540 4258 655 4338 legitur
674 4253 737 4336 τῷ,
767 4253 824 4316 hoo
851 4253 936 4315 nulla
956 4254 1141 4318 dubitatione
1168 4257 1206 4318 ab
1227 4257 1363 4318 omnibus
1385 4256 1523 4337 repudia

418 4363 481 4422 tum
507 4363 539 4420 et
562 4360 594 4420 in
623 4343 651 4440 ᾦ
675 4359 841 4418 eorreotum
865 4359 929 4430 eat,
959 4359 1053 4454 quod¹
1069 4362 1191 4438 praeter
1217 4359 1349 4420 oodieem
1377 4363 1408 4420 1·
1433 4360 1524 4421 ettam

416 4463 559 4544 ploraque
580 4461 726 4541 praebent
746 4461 928 4541 apographa
