3584 5292
1354 584 1397 654 21

286 783 440 846 rumpam,
468 764 563 828 oratio
585 786 653 830 mea
675 768 714 830 ad
736 769 938 830 recensendos
965 769 1034 832 illos
1057 771 1157 847 locos,
1184 772 1291 854 quibus
1317 793 1398 836 com⁴

285 886 376 930 mune
400 867 536 930 codicum
563 871 604 932 A
626 873 710 934 51Γ
736 869 841 930 vitium
868 870 988 932 aliunde
1013 875 1233 938 emendandum
1258 879 1321 954 est,
1346 898 1396 938 re-

286 971 430 1049 greditur.
460 990 489 1032 5.
514 974 576 1032 288
597 965 735 1052 εὕρισκε]
756 965 915 1055 ἐξεύρισκε
937 968 1195 1061 51555ξοῦρισκε.
1216 1013 1259 1023 -
1289 999 1320 1040 V.
1330 983 1393 1042 294

285 1062 399 1152 τάλας]
428 1093 488 1135 555
507 1073 608 1135 dubito
629 1075 702 1153 quin
723 1075 779 1135 hoc
799 1073 875 1135 falso
894 1095 934 1135 ex
960 1096 1052 1138 versu
1073 1081 1228 1161 superiore
1250 1086 1314 1144 290
1334 1083 1394 1146 hue

285 1173 441 1256 irrepserit
469 1168 641 1256 rectiusque
678 1197 711 1237 55
738 1177 862 1252 habeat,
898 1178 978 1257 qnod
1005 1181 1168 1244 scholiasta
1196 1184 1235 1244 ad
1271 1205 1299 1246 v.
1331 1188 1393 1246 702

285 1277 375 1356 legit:
398 1269 507 1340 ποσίν.
529 1315 573 1324 -
614 1299 642 1340 v.
662 1281 725 1341 316
755 1267 940 1360 dardano]
969 1267 1142 1360 ἇντίποινῖ,
1184 1285 1270 1348 Idem
1294 1289 1392 1349 codex

284 1377 446 1442 11155155.
469 1384 540 1443 592.
571 1417 615 1427 -
663 1402 692 1443 v.
715 1386 778 1444 417
807 1375 988 1466 Λαερτίου]
1013 1379 1170 1470 Λαερτίῳ
1199 1390 1232 1450 15
1257 1389 1393 1452 Parisino

285 1487 369 1546 2712
401 1486 651 1567 superscriptum,
676 1486 756 1547 unde
784 1484 843 1546 alia
869 1488 1043 1568 apographa
1067 1490 1098 1550 in
1121 1493 1239 1552 textum
1270 1512 1393 1575 recepe-

280 1591 363 1648 runt.
386 1623 428 1632 -
459 1609 488 1650 v.
511 1591 574 1651 437
596 1580 695 1668 αἴρει]
718 1579 811 1668 αἱρεῖ.
831 1621 862 1631 -
901 1608 930 1649 v.
943 1591 1016 1652 ,446
1038 1584 1183 1671 οὐδέπω]
1205 1585 1297 1656 οὐδέν
1326 1616 1391 1660 πω.

284 1723 327 1733 -—-
349 1709 377 1750 v,
398 1692 461 1752 465
484 1683 542 1776 ἥκη
564 1693 604 1753 A
626 1686 694 1776 ἥκει
716 1691 768 1768 Γ]
781 1681 860 1775 einp.
882 1727 926 1736 --
955 1714 983 1754 v.
1006 1696 1070 1754 494
1088 1685 1235 1779 βὲβὴκοι]
1259 1691 1390 1783 βεβήκῃ.

284 1829 327 1838 -
356 1813 385 1854 v.
409 1796 471 1855 559
504 1792 532 1874 γ’
553 1794 583 1854 15
606 1795 646 1855 A
667 1796 699 1853 et
723 1797 752 1856 Γ
778 1795 922 1856 omissum
951 1796 1098 1877 praebent
1126 1801 1301 1881 apographa
1328 1801 1390 1881 ple-

286 1915 385 1974 raque.
414 1931 458 1941 -
499 1917 529 1956 v.
555 1897 616 1957 571
641 1889 721 1975 ἔσω]
745 1887 807 1979 ἐγώ
838 1918 932 1958 unum
954 1917 1057 1979 apogr.
1088 1935 1132 1944 -
1176 1923 1205 1964 v.
1230 1905 1291 1964 655
1320 1893 1391 1963 ἀλλ’

286 1991 367 2061 ἔσθ’.
388 1997 436 2062 A.
465 1991 532 2061 ἀλλ’
554 1991 627 2061 ἔσθ’
643 1989 716 2059 atr
737 1994 767 2062 ἅ.
790 2003 811 2062 Ι
813 2000 844 2080 “.]
875 1991 957 2062 ἄλλα
977 1999 1004 2082 γ’
1027 1995 1102 2064 ἔσθ’
1123 1996 1153 2065 ἅ.
1181 2037 1218 2047 -
1264 2026 1293 2065 v.
1326 2008 1388 2066 745

282 2091 453 2186 βρύχομαι]
476 2097 643 2184 (iudamque
675 2135 714 2146 -
760 2124 788 2164 v.
813 2106 875 2165 755
903 2094 1141 2186 τοῦπείσαγμα]
1171 2097 1389 2187 τοῦπίσαγμα.

282 2240 321 2250 -
349 2226 377 2267 v.
403 2209 464 2266 783
487 2196 615 2289 φόνιον]
638 2197 773 2287 φοίνιον.
799 2243 843 2252 -
885 2228 916 2268 v.
942 2209 1003 2268 789
1027 2201 1173 2291 φύγοιτε]
1195 2201 1322 2294 φύγῃτε.
1343 2247 1387 2256 -

279 2327 306 2368 v.
330 2313 392 2370 903
412 2303 563 2388 ἔπαισεν]
587 2301 726 2370 ἔπεισεν.
740 2321 799 2352 ·-
846 2329 875 2370 v.
896 2311 959 2370 924
983 2306 1024 2371 τὰ
1046 2313 1086 2372 A
1108 2315 1139 2373 et
1160 2315 1192 2374 Γ
1214 2314 1386 2374 omiserunt.

278 2447 321 2456 -
354 2432 383 2474 v.
403 2415 466 2472 984
494 2405 708 2496 τολμήστατε]
739 2401 932 2488 eclipticam
958 2413 1051 2474 Paris.
1080 2413 1110 2474 A
1129 2407 1277 2490 exhibet,
1307 2415 1387 2495 quod

278 2515 508 2595 praeferendum
531 2514 653 2576 videtur
674 2515 798 2594 propter
820 2512 1057 2593 similitudinem,
1086 2521 1121 2579 ut
1139 2517 1313 2579 Dindorfius
1335 2519 1386 2580 ad-

279 2614 380 2695 notet,
415 2617 667 2700 superlativorum
705 2607 943 2687 κλεπτίστατος
968 2610 1177 2697 λαγνίστατος
1207 2613 1385 2702 casselana-

277 2739 334 2794 τος
358 2714 633 2804 φαρμακίστοτος.
657 2753 698 2762 -
718 2739 747 2778 v.
765 2720 848 2779 1146
871 2713 1008 2802 πτηναί]
1026 2716 1160 2783 πτανοί.
1184 2757 1226 2767 -
1252 2726 1384 2783 51226

276 2805 489 2903 πειθόμενος]
508 2811 701 2900 πιθόμενος.
724 2857 767 2866 —-
809 2843 837 2883 v.
863 2827 944 2884 1231
968 2817 1002 2884 τί
1019 2802 1125 2908 χρῆμα
1146 2817 1195 2904 τί]
1217 2819 1251 2886 τί
1270 2826 1385 2910 χρῆμα.

276 2959 319 2994 ,-
347 2947 376 2987 v.
397 2930 479 2987 1235
507 2921 545 3010 δὴ
572 2928 612 2987 A
635 2927 666 2986 51
688 2927 718 2984 Γ
748 2923 928 3000 omiserunt;
957 2928 1104 3005 praebent
1131 2929 1313 3008 apographa,
1344 2963 1379 2972 —

276 3049 304 3090 v.
328 3032 410 3091 1294
438 3025 475 3091 τὲ
505 3030 649 3088 omissum
676 3027 707 3088 in
738 3027 779 3087 A
806 3030 839 3087 et
867 3031 897 3088 Γ
929 3020 1032 3090 exstat
1064 3029 1096 3088 in
1122 3032 1311 3110 apographis.
1341 3063 1384 3075 -

274 3151 302 3191 v.
327 3135 410 3194 1308
435 3126 473 3216 δὴ
497 3133 640 3192 omissum
662 3132 809 3212 praebent
826 3135 1014 3214 apographa3
1036 3134 1108 3195 item
1129 3154 1159 3193 v.
1178 3137 1260 3195 1312
1280 3130 1318 3193 Θ.
1340 3166 1384 3175 -

272 3256 301 3297 v.
325 3239 408 3298 1322
432 3227 557 3296 edoardo
580 3235 649 3314 σοι]
673 3223 789 3318 εὐνοίᾳ.
811 3269 853 3280 -

359 3337 461 3418 Atque
486 3337 630 3419 pleraque
652 3337 727 3398 vitia
754 3335 923 3398 consistunt
943 3340 975 3400 in
1005 3337 1275 3420 permutationibus
1303 3336 1383 3397 litte-

272 3459 373 3502 rarum
396 3442 427 3500 et
449 3440 479 3500 in
500 3441 618 3502 omissis
641 3444 694 3500 aut
721 3441 830 3501 litteris
859 3445 913 3502 aut
934 3441 1059 3522 syllabis
1081 3444 1135 3503 ant
1161 3439 1233 3503 totis
1253 3439 1382 3500 vocabu-

272 3542 327 3619 lis;
348 3563 425 3623 quae
447 3544 567 3622 quidem
589 3543 687 3604 omnia
708 3547 761 3605 aut
782 3545 935 3622 corrigere
957 3545 1152 3622 adreddere
1174 3563 1234 3605 non
1255 3560 1384 3621 magnae

272 3647 446 3725 sagacitatis
476 3650 549 3707 erat.
599 3644 754 3708 Permulta
782 3665 855 3708 vero
884 3648 943 3708 alia
966 3648 1105 3727 exempla
1134 3647 1292 3706 extribus
1315 3644 1384 3704 reli·

272 3751 338 3831 quis
373 3750 481 3811 fabulis
510 3749 651 3808 Electrae
692 3747 801 3831 Oedipi
829 3750 926 3829 Regis
968 3748 1070 3810 Aiacis
1109 3749 1215 3810 afferre
1253 3765 1382 3828 possem,

270 3853 330 3914 nisi
353 3853 413 3915 iam
443 3873 482 3913 ex
512 3853 558 3913 his
588 3852 663 3932 ipsis
691 3871 766 3933 quac
796 3853 961 3915 memoravi
988 3853 1071 3913 ratio
1087 3871 1122 3912 55
1145 3853 1254 3912 natura
1280 3869 1385 3911 neces·

271 3957 427 4034 situdinis,
456 3975 532 4037 quae
552 3956 692 4016 videatur
713 3955 794 4016 inter
815 3957 855 4016 A
875 3958 907 4015 et
930 3958 960 4015 Γ
987 3954 1188 4028 intercedere,
1220 3955 1295 4014 55115
1316 3972 1383 4034 per·

271 4059 447 4139 spiceretur.
489 4061 654 4121 Enimvero
676 4057 771 4118 altera
794 4075 884 4117 causa
906 4056 1037 4137 accedit,
1066 4057 1147 4133 unde
1168 4057 1263 4118 multo
1284 4055 1383 4136 magia

270 4162 481 4240 cognationem
504 4162 614 4223 codicis
645 4164 675 4223 Γ
696 4179 763 4220 cum
787 4160 827 4220 A
855 4159 987 4220 mammo
1009 4179 1079 4220 esse
1106 4162 1304 4244 propinquam
1330 4180 1383 4241 ap·

269 4266 383 4345 pareat.
426 4264 533 4346 Neque
555 4266 635 4326 enim
661 4263 693 4324 15
715 4263 831 4324 mendis
861 4262 952 4324 modo
982 4263 1149 4326 sedetiam
1177 4265 1209 4325 in
1230 4261 1383 4343 germanis

267 4367 446 4442 lectionibus
465 4368 702 4430 Laurentianum
717 4369 747 4428 Γ
768 4365 876 4426 mirum
893 4367 926 4426 in
947 4367 1068 4428 modum
1090 4387 1159 4428 cum
1181 4386 1240 4428 uno
1254 4366 1295 4427 A
1308 4383 1377 4441 con·

270 4471 387 4533 sentire
415 4472 562 4535 videmus.
606 4471 798 4550 Quamquam
821 4489 893 4532 vero
921 4470 1000 4532 tales
1021 4470 1195 4556 loci'multo
1217 4469 1316 4530 rarius
1337 4466 1384 4528 in·
