3584 5292
725 637 760 734 ρ’»)
799 641 839 724 R
1193 611 1198 619 ’
1343 615 1387 680 33

279 794 391 876 qnippe
411 813 497 876 ‚qnae
521 815 561 856 ex
590 796 688 858 inutili
709 796 880 862 oonieotura
907 800 975 859 orta
995 797 1150 876 videatur,
1179 801 1274 862 multo
1293 802 1386 863 mino

279 915 344 958 rem
368 897 579 960 anctoritatem
599 895 724 975 babent,
744 917 831 960 nemo
853 903 903 961 est
924 899 975 981 qni
995 897 1121 962 dubitet
1142 935 1185 946 -

426 999 460 1061 B.
484 998 655 1064 Oed-Rsm

366 1103 391 1164 l.
433 1123 462 1164 r.
485 1106 548 1166 127
570 1090 676 1178 οὐδεὶς
697 1092 821 1186 ἀρωγὸς
842 1098 876 1164 ἐν
899 1095 1009 1176 κακαῖς
1031 1096 1180 1185 ἐγίγνετο.
1223 1105 1328 1168 Codex
1349 1107 1389 1168 A

280 1205 407 1284 praebet
433 1197 588 1286 ἐρείκετο,
618 1209 648 1266 Γ
670 1199 792 1287 ἐγίνετο
820 1207 838 1270 i
860 1225 886 1267 e.
916 1197 1069 1287 ἐγίγνετο.
1119 1206 1206 1271 Haec
1235 1211 1315 1272 enim
1340 1214 1391 1273 est

280 1307 512 1387 perpetualem
532 1308 682 1389 seriptura
704 1309 791 1372 verbi
814 1295 978 1400 ‘yiooproo’
998 1307 1030 1369 in
1050 1308 1135 1371 oodd

361 1429 389 1471 v.
413 1415 474 1474 332
504 1406 566 1492 ἐγὼ
588 1403 644 1473 o’o'r
664 1405 801 1491 ἐμαυτὸν
823 1402 895 1473 odire
924 1401 960 1471 o'
984 1402 1117 1492 ἀλγιαώ.
1158 1411 1308 1493 Pleraque
1319 1433 1390 1498 spo-

281 1513 407 1593 grapho,
428 1515 463 1576 nt
484 1517 533 1576 est
552 1515 583 1576 in
605 1514 707 1576 oodioe
728 1512 777 1588 A,
800 1513 948 1593 praebent
967 1503 1031 1593 tyni
1052 1510 1090 1592 o',
1113 1513 1194 1593 qnod
1215 1516 1285 1576 inde
1304 1536 1390 1600 repe

281 1615 407 1676 tendum
430 1619 493 1692 est,
524 1619 604 1698 qnod
632 1621 753 1680 veteres
774 1614 887 1680 librarii
916 1613 948 1676 in
971 1613 1118 1676 eiusmodi
1138 1618 1274 1680 orasibos
1301 1621 1391 1683 elter-

284 1718 386 1778 ntrsm
406 1719 542 1780 vocalem
562 1719 677 1782 elidere
699 1718 805 1778 solent.
854 1715 943 1779 Unde
963 1716 1076 1776 bonnm
1093 1720 1157 1793 ost,
1185 1726 1222 1783 nt
1244 1724 1340 1787 codex
1362 1729 1394 1788 Γ

282 1821 441 1900 utramque
462 1820 621 1883 lectionem
642 1820 787 1903 praebeat
806 1821 838 1879 et
858 1808 921 1899 ἐγώ
941 1815 970 1879 τ’
992 1821 1024 1880 et
1041 1813 1085 1900 ἐν
1107 1812 1180 1886 oiis'.

368 1943 397 1985 v.
421 1925 484 1986 425
506 1913 610 1985 diluo
632 1917 670 1986 δὲ
691 1919 821 2006 πλῆθος
840 1907 897 1982 οἰκ
919 1912 1119 1988 ἐπαισθάνει
1137 1925 1263 2005 κακῶν,
1295 1963 1340 1976 -
1369 1923 1393 1992 ἅ

284 2021 320 2086 σ’
347 2016 495 2102 ἐξισώσει.
523 2018 578 2088 σοί
607 2020 724 2088 τεκαὶ
751 2022 821 2096 τοῖς
851 2022 923 2096 σοῖς
943 2017 1083 2099 τέκνοις·
1111 2026 1152 2087 A
1180 2030 1307 2109 praebet
1336 2050 1392 2112 pro

282 2126 370 2202 σοῖς·
393 2127 448 2190 σοῖ
469 2146 488 2189 ο
509 2145 600 2189 mann
622 2125 732 2206 pn'ma,
754 2127 785 2187 Γ
805 2128 888 2186 reete
910 2126 990 2200 σαῖς.
1102 2154 1106 2162 ·

370 2250 399 2292 v.
422 2233 485 2291 445
515 2223 671 2309 κομιζέτω
702 2224 795 2312 δῆθ’
823 2221 867 2302 ὡς
895 2225 1010 2311 παρὼν
1039 2221 1079 2291 σύ
1109 2229 1136 2312 ps
1163 2226 1320 2315 ἐμποδών
1349 2271 1393 2283 .-

285 2319 390 2410 ὀχλεῖς
411 2323 475 2394 κτὲ.
510 2332 557 2393 ΔΙο
586 2335 674 2393 textu
700 2331 810 2392 oodiois
831 2331 861 2392 A
881 2334 953 2392 ante
974 2330 1001 2413 ρ)
1022 2333 1101 2394 dnae
1123 2334 1243 2397 litterae
1261 2355 1394 2400 evenne

284 2438 356 2498 runt
381 2439 454 2500 eta
481 2435 584 2518 paullo
603 2435 770 2496 recentiore
794 2451 886 2494 mann
915 2433 1099 2516 adscriptum
1128 2456 1176 2520 γρ.
1198 2427 1280 2520 σύγ,
1312 2442 1395 2522 qnod

282 2538 375 2600 etiam
395 2539 491 2600 oodex
509 2541 541 2599 Γ
562 2537 594 2598 in
613 2539 702 2598 textu
720 2538 852 2618 praebet
903 2534 966 2606 Qni
994 2555 1087 2614 quum
1106 2518 1294 2621 eonspirent,
1321 2543 1394 2605 alio-

283 2661 351 2703 rum
372 2641 509 2703 oodionm
528 2639 617 2702 lentio
639 2639 813 2720 discrepans
835 2633 918 2719 τάρ)
936 2636 1022 2698 nibil
1034 2657 1109 2700 eane
1130 2640 1235 2719 offert,
1255 2661 1311 2705 our
1330 2646 1394 2708 diu.

284 2743 346 2804 tine
366 2744 447 2807 huno
468 2761 591 2803 versum
612 2743 644 2804 in
665 2741 866 2823 suspicionem
885 2757 1037 2802 vocemus

371 2865 401 2907 v.
423 2847 487 2906 478
518 2847 619 2930 φοιτᾷ
647 2840 708 2930 γὰρ
734 2838 787 2906 ὑπ’
817 2832 930 2927 ἀγρίαν
959 2875 1002 2886 -
1034 2833 1115 2904 ilar
1146 2835 1209 2906 o’od
1238 2843 1266 2906 τ’
1294 2837 1395 2933 ἶν’ντρα

284 2942 340 3010 καὶ
362 2983 406 2994 -
425 2948 580 3031 πετραῖος
601 2940 620 3011 d
640 2947 762 3030 ταῦρος.
800 2945 850 3031 Sio
872 2944 995 3006 exbibet
1014 2942 1112 3004 oodex
1130 2947 1172 3006 A
1187 2947 1396 3028 honolooum,

283 3053 325 3112 de
342 3070 402 3132 qno
430 3069 491 3112 non
519 3069 615 3133 parve
635 3049 784 3112 dissensio
814 3051 923 3110 exorta
950 3051 1005 3107 est
1054 3045 1190 3108 Maxime
1210 3069 1283 3112 vero
1304 3052 1394 3115 offen

283 3155 358 3218 dere
376 3154 535 3218 artioulnm
554 3144 573 3216 d
595 3156 678 3216 reete
698 3152 912 3216 animadvertit
928 3148 1086 3211 Bonitrins
1108 3152 1141 3212 in
1155 3151 1265 3216 Annal
1289 3155 1394 3221 Austr.

285 3275 313 3320 a
340 3257 424 3318 1856
455 3273 524 3337 pag.
555 3259 618 3316 649
625 3301 635 3332 ,
670 3264 705 3316 nt
733 3253 941 3335 unnsquisque
970 3251 1167 3316 libentissime
1195 3258 1396 3339 amplectatur

285 3358 425 3421 Dorvillii
450 3358 651 3422 eonieoturam
670 3350 728 3420 dre
757 3357 798 3434 (v.
821 3355 859 3416 ad
880 3353 990 3418 Obarit
1012 3373 1083 3436 pag.
1107 3359 1202 3437 tae).
1245 3361 1346 3433 Quam
1368 3366 1396 3428 ei

288 3460 491 3543 reoeperimns
520 3461 774 3536 emendationem,
809 3477 829 3519 a
860 3460 958 3519 memo
993 3458 1156 3521 abhorrere
1184 3462 1396 3547 intellegemus

285 3565 444 3627 leotionem
477 3563 649 3646 πετραῖος,
686 3581 741 3644 pro
767 3579 827 3642 qua
861 3579 923 3620 non
950 3580 1108 3642 perperam
1134 3565 1245 3628 oodioia
1265 3571 1297 3630 Γ
1323 3569 1395 3630 eori-

287 3670 408 3749 ptnram
429 3662 565 3754 πέτραις
584 3666 616 3727 in
638 3667 727 3728 textu
747 3662 978 3726 restituerimus.

372 3789 401 3831 v.
428 3773 489 3833 635
511 3763 546 3832 τί
565 3764 622 3854 τὴν
639 3760 793 3850 ἄβουλον,
815 3752 843 3824 oi
864 3757 1079 3849 ταλαίπωροι,
1100 3757 1215 3829 στάσιν
1228 3805 1271 3816 -
1287 3765 1393 3851 ylro'o-

286 3889 346 3958 σης
369 3863 533 3957 ἑπήρασιΨ
554 3859 621 3934 οὐδ’
643 3861 708 3932 κτὲ.
752 3869 790 3930 In
815 3869 855 3929 A
873 3868 997 3949 antiqua
1023 3887 1130 3929 manns
1153 3870 1283 3932 mutarit
1310 3864 1394 3960 ἐντή-

285 3971 385 4058 ρασθ’
411 3975 443 4036 in
470 3965 621 4058 ἐτιήραίς
648 3989 794 4051 germano
814 3990 887 4032 vero
916 3971 1007 4032 leotio
1033 3964 1197 4056 duppdod'
1226 3974 1338 4038 oodiois
1364 3978 1396 4039 Γ

286 4078 466 4140 anctoritate
485 4073 642 4140 stabilitur.
901 4090 903 4093 ·

374 4199 402 4242 r.
427 4182 489 4242 789
519 4170 603 4240 ooo
624 4171 652 4237 δ’
672 4165 777 4236 tota
800 4207 838 4216 -
862 4167 919 4236 καὶ
940 4169 1029 4240 δεινὰ
1052 4169 1109 4236 καὶ
1130 4165 1272 4263 &repro
1290 4169 1394 4264 προῦ-

285 4273 373 4368 φάνη
393 4278 493 4364 λέγων
513 4271 578 4344 xri.
629 4277 680 4340 Sia
707 4277 803 4338 eodex
829 4280 870 4353 Γ,
893 4277 969 4339 salso
998 4276 1112 4358 legitur
1138 4279 1170 4341 in
1191 4279 1394 4345 Laurentiano

287 4387 328 4451 A
356 4405 411 4468 pro
445 4383 472 4448 δ’
503 4374 608 4444 douo
635 4415 679 4426 --
713 4377 751 4440 6²
781 4367 908 4455 dotto,
945 4381 1064 4447 duabus
1097 4401 1190 4464 snper
1224 4404 1252 4444 ω
1284 4385 1393 4448 litteris

287 4505 393 4550 erasm.
414 4521 456 4536 ··-

1155 4565 1180 4629 3
