3584 5292
366 506 409 574 10
800 517 832 608 “a
849 566 865 594 r
882 522 895 588 ;.

403 768 437 820 ν.
461 749 524 809 523
551 746 710 820 lectionem
739 722 849 820 oobieis
869 747 959 810 Laur.
981 748 1010 810 A
1040 745 1254 831 ονιανανέχειν
1277 749 1308 812 S.
1329 752 1473 822 ,emenda-

497 919 500 926 ,
561 851 606 914 vit
625 852 656 912 in
675 854 802 912 rectam:
827 843 915 913 ollem
940 847 1116 930 συνέχθειν.

385 965 386 970 ’
413 974 441 1015 v.
456 957 526 1026 Ι928
555 945 686 1028 ἐνδίκως
708 954 745 1014 ab
769 952 799 1014 S.
821 955 904 1014 reate
926 953 956 1013 in
979 947 1115 1030 ἐκδίκως
1136 961 1291 1018 mutatum.

468 1099 586 1172 Quodsi
606 1101 661 1162 has
683 1118 786 1160 omnes
807 1099 870 1160 fere
891 1101 1038 1162 lectiones
1056 1101 1088 1162 in
1110 1103 1174 1164 eod.
1197 1101 1332 1164 Parisino
1354 1100 1402 1177 A,
1424 1103 1475 1182 qni

365 1201 455 1264 aliam
479 1203 613 1282 eodieum
640 1203 782 1266 familiam
810 1206 902 1281 atque
924 1204 1146 1266 Laurentianus
1168 1205 1197 1266 A
1220 1203 1317 1278 duait,
1338 1203 1476 1283 integras

366 1307 547 1387 reperimus,
570 1306 641 1387 quid
665 1309 713 1368 est
735 1305 814 1384 quod
836 1306 975 1382 dubites,
1003 1307 1073 1390 quin
1093 1302 1278 1392 διορθωιὴς
1297 1308 1349 1368 illo
1369 1329 1474 1370 manu·

366 1408 459 1490 sripto
482 1409 584 1470 nodiee
605 1407 740 1470 Parisino
769 1408 919 1470 simillimo
948 1431 1023 1471 naus
1054 1411 1113 1473 sit?
1158 1411 1246 1482 (luia¹
1263 1411 1354 1472 etiam
1376 1412 1474 1491 suspi-

366 1512 411 1574 oio
443 1513 611 1588 suboritur,
643 1513 728 1574 illum
755 1513 865 1572 librum
893 1513 1131 1593 manuscriptum
1162 1534 1242 1574 nuno
1277 1514 1476 1594 deperditum,

298 1637 304 1656 ν
366 1635 456 1694 quem
485 1609 668 1699 διορδωιὴς
701 1616 754 1676 ille
790 1615 947 1677 undecimo
980 1617 1100 1678 saeculo
1128 1615 1311 1692 adhibuerit,
1346 1617 1476 1677 eundem

365 1719 476 1795 fruere,
502 1715 545 1780 'ex
566 1737 623 1799 quo
646 1720 752 1799 postea
783 1713 1010 1782 tertiodecimo
1038 1720 1159 1780 saeeulo
1187 1721 1250 1780 eod.
1268 1719 1424 1781 Parisinus
1444 1720 1475 1782 A

366 1842 394 1883 n.
418 1827 502 1883 2712
523 1822 674 1904 profectus
696 1821 743 1884 sit
794 1817 884 1892 Quod
912 1823 1033 1903 quidem
1060 1822 1196 1882 nonnulli
1217 1823 1276 1884 looi
1296 1842 1336 1884 ex
1357 1824 1476 1886 duobus

366 1926 449 1987 oodtl
478 1926 578 1988 eollati
592 1925 736 1986 maxime
771 1926 926 2007 probabile
952 1947 989 1989 aa
1023 1927 1089 1989 veri
1121 1926 1218 1986 simile
1246 1927 1374 1988 reddere
1403 1926 1476 1988 mihi

367 2028 524 2091 videnum:

540 2175 603 2236 eod.
625 2171 715 2235 Laur.
738 2173 782 2233 A:
865 2163 871 2174 ’
1140 2173 1203 2236 cod.
1224 2173 1348 2235 Parisin.
1368 2172 1410 2236 A:

411 2299 439 2340 v.
462 2280 506 2338 40
554 2267 774 2361 ἢθάιιτουσα
795 2293 863 2334 oum
885 2293 932 2356 γρ.
954 2269 1026 2336 καί·
1130 2265 1367 2359 ἢ’φάιιταιαα.

606 2361 845 2463 ἢφδνιεοασα.

408 2506 437 2546 v.
460 2488 502 2548 53
551 2473 638 2556 ἐντος.
649 2480 844 2560 superscript.
855 2481 892 2540 ab
902 2479 932 2542 S.
942 2471 1057 2555 πάθος
1130 2476 1244 2556 πάθος
1259 2503 1283 2544 a.
1301 2501 1348 2565 γρ.
1367 2475 1459 2557 ἐντος.

409 2609 438 2650 v.
462 2592 502 2649 93
553 2580 708 2668 ἐχθρανῆι
731 2603 754 2644 a.
775 2602 822 2666 γρ.
842 2578 980 2668 ἐχδαρῆι
1130 2579 1263 2668 έχθαρῆ.

410 2714 438 2754 v.
462 2696 525 2752 210
554 2684 591 2752 ἐκ
611 2685 637 2770 φ’
660 2682 744 2767 ἐμοῦ.
767 2687 918 2766 adscripto
940 2689 978 2746 ab
1002 2686 1031 2747 S.
1127 2681 1164 2764 ἐξ
1185 2681 1273 2767 ἐμοῦ.

606 2792 638 2852 in
655 2791 791 2870 margine
812 2809 858 2871 γρ.
880 2783 918 2866 ἐξ
935 2784 1022 2870 ἐμοῦ.

923 2909 934 2941 δ

409 2988 437 3029 v.
461 2969 524 3028 264
554 2957 671 3047 διψίαν
688 2956 788 3047 φέρει.
827 2957 932 3044 διψὰν
948 2955 1078 3045 ἐκφέρει
1120 2953 1240 3045 διψίαν
1263 2955 1363 3044 φέρει.

405 3085 408 3094 “
563 3088 601 3130 m.
623 3086 667 3149 pr.
689 3068 815 3128 aeoentu
842 3065 930 3144 gravi
952 3075 1045 3146 super
1066 3087 1087 3126 α

563 3191 637 3234 am.
655 3189 713 3232 reo.
731 3169 833 3231 addito
852 3171 884 3230 et
901 3149 990 3228 eraso
1006 3188 1019 3229 ι
1037 3187 1087 3230 sn·

563 3293 618 3356 per
640 3294 666 3335 ν.
717 3271 766 3333 Ab
789 3270 820 3334 S.
851 3272 1011 3352 seriptum:
1039 3290 1088 3353 γρ.

566 3369 683 3458 διψίαν
703 3369 804 3457 φέρει.
891 3417 893 3422 -

584 3493 600 3525 κ

409 3570 437 3609 v.
462 3551 524 3609 928
555 3538 719 3619 ἐνδίκωςκ
740 3545 779 3607 ab
798 3541 827 3606 S.
848 3544 984 3606 additum
1132 3539 1277 3620 ἐκδίκως.

385 3756 391 3770 s
469 3695 511 3755 Hi
533 3694 597 3756 fere
620 3697 691 3756 sunt
711 3693 778 3769 loci,
800 3692 908 3770 quibus
924 3692 1067 3753 eorrectio
1090 3694 1258 3754 diorthotae
1270 3711 1338 3752 oum
1351 3691 1480 3753 leotione

369 3800 497 3862 Parisini
517 3799 546 3860 A
568 3797 731 3871 eonsentit3
762 3814 851 3876 quam
882 3796 921 3855 ob
951 3815 1016 3856 rem
1037 3796 1181 3858 divinatio
1202 3795 1255 3856 illa
1275 3795 1356 3855 haud
1382 3794 1414 3854 in
1435 3796 1480 3855 in-

370 3904 461 3984 certis
485 3901 671 3983 argumentis
693 3899 793 3981 posita
812 3919 881 3959 esse
900 3898 973 3960 mihi
995 3898 1123 3961 videtur.
1167 3899 1269 3980 Atque
1293 3898 1331 3958 ad
1353 3899 1480 3959 eandem

369 4007 515 4069 rationem
537 4007 629 4068 etiam
655 4004 731 4066 illud
754 4001 946 4063 referendum
969 4021 1039 4062 esse
1060 4002 1215 4077 existimo,
1240 4001 1320 4080 qnod
1343 4020 1371 4061 v.
1395 4005 1479 4063 1036

369 4101 660 4194 κάμπεφόρτισμαι
688 4109 725 4169 ab
754 4105 784 4168 S.
806 4107 957 4166 mutatum
978 4108 1027 4167 est
1051 4107 1082 4165 in
1103 4097 1404 4187 κδκιιεφδρεισμαι,
1436 4106 1479 4164 ut'

370 4214 497 4278 collatus
520 4213 552 4274 in
574 4211 710 4274 Parisino
732 4211 817 4271 loeus
839 4209 1043 4282 demonstrat,
1063 4227 1155 4286 quum
1177 4204 1283 4266 similis
1302 4205 1481 4266 emendandi

369 4318 444 4380 ratio
467 4315 614 4381 Dindorfii
645 4313 879 4387 dubitationem,
906 4313 1007 4372 utrum
1035 4312 1092 4372 hoo
1120 4311 1151 4371 in
1179 4309 1383 4370 Laurentiano
1411 4307 1441 4368 A
1462 4327 1482 4368 a

369 4441 459 4484 manu
482 4421 578 4503 prima
600 4440 639 4482 an
668 4419 705 4480 ab
731 4417 759 4478 S.
782 4415 926 4496 seriptum
948 4414 1003 4492 sit,
1026 4411 1108 4476 baud
1128 4412 1289 4475 difficulter
1309 4413 1416 4474 tollere
1437 4412 1482 4472 vi-
