3584 5292
1380 579 1422 646 15

318 772 390 848 κεῖν,
414 789 454 830 ex
477 785 569 831 versu
589 769 673 828 1094
696 739 882 828 bucilletum
898 786 968 827 esse
980 767 1071 845 idque
1091 765 1124 826 in
1136 768 1319 848 apographis
1333 769 1425 830 omni-

318 873 375 933 bus
411 893 472 934 uno
499 871 674 932 Florentino
711 870 730 929 b
760 873 888 950 excepto
921 874 1003 931 reete
1025 870 1067 945 ,in
1095 864 1202 953 Κρέον
1235 873 1425 934 emendatum
1517 931 1527 940 ,

319 995 395 1053 esse,
417 995 515 1058 paene
538 992 641 1048 omnes
662 977 889 1048 concesserunt;
910 973 1065 1035 Nauckius
1077 992 1156 1033 unus
1168 974 1326 1036 addubitat
1343 977 1426 1038 illem
1491 1008 1497 1018 ·

319 1081 478 1140 lectionem
501 1083 544 1140 et*
557 1077 687 1137 seribere
710 1077 842 1138 mavult:
871 1069 1040 1155 εὐβουλίας
1061 1073 1112 1138 δεῖ
1135 1076 1234 1154 πᾶσι,
1263 1081 1328 1140 παῖ
1349 1083 1426 1142 Me-

320 1176 459 1256 νσικέως.
510 1181 572 1243 Sed
599 1181 708 1244 chorus
729 1179 786 1240 hoc
813 1180 878 1240 loco
904 1179 978 1238 nihil
1005 1180 1087 1240 aliud
1116 1179 1215 1240 dicere
1242 1181 1342 1260 potuit
1369 1183 1428 1243 nisi

319 1283 460 1361 Creonti,
499 1305 559 1346 non
596 1283 696 1362 πᾶσι,
733 1285 843 1344 bonum
879 1301 954 1362 opus
982 1301 1066 1361 esse
1088 1282 1252 1344 consilium.
1310 1282 1428 1353 Quodsi

320 1389 490 1450 Nanokium
516 1389 591 1449 illud
620 1387 698 1464 ruci¹
716 1379 878 1458 Μενικέως
905 1377 1012 1465 Κρέον
1038 1393 1163 1466 propter
1197 1385 1346 1466 duplicem
1375 1408 1428 1450 vo·
1518 1441 1524 1450 .

321 1492 453 1552 sativum
475 1490 605 1568 offendit,
629 1489 801 1552 consideres
822 1487 930 1563 velim,
961 1486 1085 1549 chorum
1105 1489 1268 1550 instantius
1289 1493 1322 1550 et
1342 1493 1429 1571 quasi

321 1593 497 1675 suppliciter
518 1596 664 1674 expetere
685 1589 854 1664 aOreonte‚
875 1593 911 1650 ut
931 1590 1112 1652 sententiam
1132 1595 1238 1670 mutet,
1260 1596 1293 1654 et
1311 1593 1355 1655 its
1375 1597 1429 1658 mi-

321 1698 401 1760 mine
424 1698 648 1777 improbandam
674 1714 744 1756 esse
775 1693 924 1773 duplicem
944 1693 1028 1752 illam
1052 1692 1278 1757 invocationem.
1326 1696 1429 1779 Atque

321 1801 396 1860 haec
416 1819 513 1880 pauca
534 1799 674 1880 exempla
703 1795 853 1857 sufficiant
883 1796 923 1856 ad
945 1795 1226 1875 demonstrandum,
1253 1819 1343 1879 quam
1367 1822 1430 1863 non

321 1903 508 1964 considerate
539 1919 762 1979 nonnumquam
789 1899 840 1958 illc
865 1897 949 1958 codd.
983 1897 1161 1960 lectionibus
1192 1903 1341 1980 neglectis
1373 1924 1429 1968 suo

320 2005 416 2087 ipsius
436 2007 558 2085 ingenio
579 2003 746 2066 indulserit.

424 2110 613 2190 Quamquam
635 2123 818 2186 magnopere
841 2122 962 2183 semper
982 2107 1032 2164 est
1052 2105 1234 2182 cauendum,
1262 2125 1301 2166 ne
1321 2107 1431 2172 iniuria

322 2210 457 2272 codicum
480 2212 624 2273 lectiones
649 2213 702 2269 aut
715 2207 860 2269 observes
878 2212 932 2268 aut
945 2205 1093 2285 negligas
1114 2209 1193 2287 quod
1213 2209 1333 2288 quidem
1349 2211 1431 2274 haud

323 2331 392 2374 raro
411 2313 596 2376 aDindorfio
615 2316 773 2394 peecatum
796 2315 853 2388 est,
876 2331 967 2391 quum
988 2309 1156 2371 ParisiniA
1177 2311 1322 2374 lectiones
1339 2315 1440 2380 omni.
1535 2309 1545 2332 ‘

322 2417 378 2476 bus
398 2418 507 2477 ceteris
520 2417 705 2498 praetulerit.
749 2413 829 2476 Nam
842 2431 960 2473 summa
979 2432 1047 2474 cum
1068 2414 1224 2493 diligentia
1244 2419 1431 2498 perpenden-

323 2520 395 2579 dum
418 2523 474 2596 est,
496 2524 565 2582 utra
585 2520 751 2594 reicienda,
772 2521 843 2578 utre
864 2517 1062 2597 praeferenda
1082 2518 1235 2593 videatur3
1265 2539 1344 2600 quae
1369 2523 1431 2602 qni·

324 2620 394 2681 dem
414 2640 464 2682 res
486 2622 602 2684 initium
625 2619 766 2684 ostentis
787 2620 908 2679 criticae
934 2639 1002 2679 oum
1023 2621 1055 2680 in
1077 2621 1215 2682 omnibus
1237 2624 1431 2703 scriptoribus

294 2715 389 2784 'tum
417 2724 448 2784 in
470 2708 625 2806 Sophoclis
651 2724 760 2786 fabens
785 2722 975 2784 factitandae.
1025 2723 1127 2804 mque
1157 2724 1189 2784 ln
1215 2725 1272 2786 nac
1301 2726 1369 2806 ipsa
1398 2748 1432 2790 re

323 2827 419 2888 multa
439 2826 627 2889 Dindorfium
649 2827 813 2906 deliquisse
835 2827 1019 2900 videbimus,
1041 2847 1134 2906 quum
1155 2847 1208 2888 eos
1230 2829 1312 2892 locos
1334 2833 1432 2912 perlu-

325 2931 541 3006 straverimus,
571 2931 679 3011 quibus
700 2930 843 2990 lectiones
866 2929 956 2989 Laur.
976 2929 1006 2988 A
1034 2931 1114 2991 haud
1133 2932 1241 2994 merito
1263 2935 1435 3014 repudiavit

326 3031 459 3112 aliusque
485 3033 614 3094 familiae
644 3033 754 3094 codicis
781 3031 959 3092 lectionibus
995 3033 1064 3111 plus
1091 3033 1204 3096 tribuit.
1260 3033 1303 3095 Ut
1329 3056 1358 3096 v.
1381 3043 1433 3099 42.

325 3135 406 3196 nulla
435 3137 515 3198 iusta
541 3155 634 3198 causa
660 3135 834 3197 Dindorlius
861 3139 1028 3196 commotus
1055 3135 1126 3196 mihi
1155 3136 1289 3214 videtur,
1316 3141 1352 3199 ut
1372 3140 1435 3202 παῖ

323 3257 377 3318 pro
398 3239 464 3300 παῦ
486 3241 609 3300 ctextu
630 3241 812 3311 removeret3
837 3240 899 3300 ποῖ
919 3232 1044 3321 γνώμης
1066 3230 1139 3299 ποτ’
1161 3228 1191 3300 el
1212 3239 1358 3320 scriptum
1380 3261 1433 3302 ex·

322 3342 385 3402 stat
414 3342 446 3400 in
468 3341 689 3416 Laurentien03
718 3363 758 3402 ex
783 3340 919 3402 Parisino
940 3345 1041 3402 autem
1071 3341 1264 3404 aDindorfio
1291 3348 1340 3405 est
1367 3345 1434 3408 7ιαῦ

323 3462 377 3522 pro
403 3445 465 3504 ποῖ
486 3444 610 3505 illatum.
657 3443 746 3516 Quod
769 3464 859 3524 qnam
881 3447 996 3506 temere
1018 3446 1130 3506 fectum
1152 3447 1210 3521 sit,
1229 3465 1291 3508 non
1312 3452 1360 3508 est
1380 3467 1434 3508 cur

323 3546 461 3624 cuiquam
491 3567 601 3626 graece
632 3550 720 3609 docto
751 3547 968 3636 demonstrem,
1008 3549 1058 3629 qui
1091 3549 1172 3610 haud
1203 3549 1321 3610 nesciat
1351 3539 1433 3611 εἶναι

323 3648 448 3736 eiusque
479 3651 644 3731 composita
675 3669 743 3712 cum
764 3651 987 3731 praepositione
1016 3643 1062 3726 εἰς
1090 3653 1181 3713 etiem
1208 3653 1288 3731 apud
1317 3653 1433 3713 solutae

323 3752 463 3812 orationis
486 3753 649 3834 scriptores
671 3771 731 3814 non
756 3771 825 3814 raro
847 3753 939 3832 iungi.
963 3776 989 3816 v.
1012 3758 1074 3816 108
1098 3757 1135 3816 ab
1157 3754 1293 3815 omnibus
1315 3755 1434 3816 editori·

322 3855 379 3912 bus
401 3855 488 3914 lectio
510 3856 639 3917 duorum
659 3856 919 3936 apographorum
946 3861 981 3920 ut
1002 3858 1128 3918 adnotat
1148 3855 1335 3933 Dindorllus,
1362 3854 1435 3935 ὀξυ·

322 3949 405 4037 τέρῳ
432 3953 588 4041 κινήσασα
615 3955 734 4040 χαλινῷ
762 3977 816 4036 pro
843 3951 984 4041 ὀξυτόρῳ
1008 3954 1165 4042 κινήσασα
1191 3955 1326 4042 χαλινῷ,
1356 3963 1435 4041 quod

322 4058 445 4118 exhibet
458 4058 681 4123 Laurentianus
698 4060 736 4134 A,
755 4079 809 4139 pro
830 4079 905 4120 vera
924 4061 1027 4121 habita
1048 4063 1080 4120 et
1100 4060 1132 4120 in
1154 4064 1242 4122 textu
1257 4065 1357 4144 posita
1377 4069 1434 4126 est
1549 4100 1553 4106 ·

323 4155 409 4219 Unus
436 4163 524 4224 modo
556 4162 714 4225 Gustevus
744 4161 887 4222 Wolffius
916 4163 948 4222 in
975 4163 1052 4224 libro
1078 4163 1117 4224 de
1143 4161 1252 4226 Scholl
1279 4165 1435 4228 Laurentt

322 4283 393 4345 pag.
416 4269 480 4326 254
512 4266 595 4328 illam
623 4265 781 4326 lectionem
812 4255 955 4347 ὀξσσόρῳ
981 4261 1138 4350 κινήσασα
1164 4263 1284 4352 χαλινῷ
1310 4269 1435 4330 retineri

322 4369 435 4444 voluit,
457 4371 536 4450 quod
558 4370 678 4450 quidem
700 4387 815 4429 summo
838 4367 905 4428 iure
925 4368 1011 4429 illum
1033 4373 1173 4431 conatum
1194 4390 1262 4432 esse
1285 4370 1434 4432 existimo.

319 4461 488 4555 Ὀξισόρος
514 4471 595 4532 enim
621 4471 801 4534 adiectivum
831 4465 1021 4553 aptissimum
1048 4477 1110 4550 est,
1141 4471 1300 4536 dummodo
1327 4491 1367 4532 ne
1396 4473 1435 4534 de
