3584 5292
1371 565 1416 635 21

388 749 490 832 Atque
512 753 547 812 nt
566 745 750 814 Philoctetae
773 752 906 826 tabulam
929 751 1125 814 multifariam
1149 752 1225 811 easa'
1240 753 1414 834 eoriuptam

300 873 336 917 ac
363 849 525 917 mutatam
538 873 579 916 ex
603 853 640 916 iis¹
665 873 743 934 quae
773 854 861 917 modo
890 856 978 916 attuli
1009 856 1098 916 facile
1131 854 1334 936 intellegitur,
1348 886 1351 896 ·
1367 858 1413 920 sid

300 957 391 1019 etiam
419 961 482 1020 tres
510 953 645 1038 reliquae
677 957 798 1018 fabulae
837 977 913 1036 quas
939 959 970 1020 Γ
997 955 1225 1038 comprehendit
1253 959 1413 1038 permultis

299 1079 398 1141 neque
412 1062 499 1143 parvi
513 1061 707 1122 aestimandis
725 1061 935 1142 discrepantiis
953 1061 1086 1121 refertae
1100 1061 1180 1120 sunt
1217 1059 1305 1130 Quae
1319 1067 1414 1142 quana

300 1165 412 1226 tumme
431 1166 462 1227 in
486 1163 587 1226 codice
608 1164 649 1225 A
671 1181 731 1224 non
751 1161 962 1240 inveniantur,
981 1167 1084 1227 tamn
1106 1195 1152 1208 -
1170 1161 1216 1222 ita
1237 1163 1317 1224 enim
1330 1164 1413 1227 Hb

299 1267 422 1349 Lipsius
446 1263 677 1347 argumentatur
691 1285 854 1328 -omnes
878 1287 918 1328 ex
938 1268 1075 1328 eiusdem
1096 1266 1262 1346 archetypo
1281 1264 1314 1326 in
1326 1266 1413 1328 illum

299 1369 408 1430 librum
424 1367 489 1430 MS.
509 1369 724 1447 redundarunt,
745 1371 873 1451 proinde
894 1370 981 1450 qnasi
1003 1389 1044 1430 ex
1062 1368 1328 1448 innumerabilibus
1349 1374 1411 1433 tra-

299 1473 433 1552 gisor'm
454 1475 611 1554 poetarum
635 1471 865 1554 eremplanbuq
886 1494 963 1555 quae
975 1475 1037 1534 iam
1057 1473 1223 1553 antiquitus
1242 1493 1299 1552 per
1312 1474 1413 1536 omnia

299 1576 424 1656 oppida,
445 1596 522 1656 quae
545 1577 665 1656 quidem
686 1577 872 1638 humanitate
895 1576 1140 1652 exsultassent,
1162 1575 1320 1654 divulgata
1338 1597 1411 1638 cese

299 1682 433 1755 constat,
462 1697 556 1740 unum
582 1681 669 1743 modo
699 1681 852 1760 integrum
879 1667 983 1759 atque
998 1679 1038 1740 ad
1061 1679 1143 1739 illius
1165 1678 1275 1739 aetatis
1298 1699 1413 1741 meme.

298 1783 389 1859 riam,
418 1801 478 1864 qna
500 1781 634 1846 codicem
655 1787 695 1846 A
714 1787 746 1846 et
766 1789 796 1846 Γ
819 1783 1004 1863 descriptum
1025 1782 1243 1874 essemus,
1261 1785 1413 1865 propaga»

298 1889 364 1948 tum
391 1887 439 1948 eit.
492 1887 582 1958 Quod
607 1889 687 1950 idem
708 1885 780 1950 mihi
812 1908 873 1950 non
894 1886 994 1965 magis
1020 1888 1110 1946 acute
1127 1885 1293 1948 iudicatum
1323 1888 1409 1949 ride

299 1991 350 2050 tur
378 2008 468 2068 quam
498 1989 524 2050 si
552 1993 619 2073 quis
639 1994 754 2054 statuat
781 1995 875 2052 totam
896 1989 1113 2063 condicionem,
1140 1988 1173 2050 in
1203 2008 1264 2070 qna
1288 1991 1413 2054 fabulae

299 2091 390 2153 trium
415 2093 551 2154 scenicae
570 2092 678 2154 Musae
704 2094 871 2175 principum
899 2092 985 2152 nobis
1006 2092 1137 2154 traditae
1159 2092 1236 2168 sint,
1257 2092 1296 2152 ed
1312 2094 1409 2174 publi-

300 2187 368 2254 cum
392 2193 467 2255 illud
480 2197 511 2255 et
523 2195 667 2277 Lycurgo
682 2201 804 2258 auctore
826 2196 1023 2277 compositum
1042 2195 1199 2274 exemplar
1217 2187 1410 2258 referendam

299 2315 385 2372 esse,
412 2299 550 2376 quamvis
576 2301 611 2360 in
632 2301 689 2362 hoe
719 2305 779 2362 uiro
809 2302 961 2380 tamqnam
988 2296 1181 2358 fundamento
1215 2318 1275 2360 non
1303 2301 1411 2377 omnia,

299 2397 495 2483 quaecunque
517 2400 602 2463 nobis
622 2404 734 2464 tradita
755 2407 835 2479 sunt,
855 2401 912 2462 niti
929 2419 1020 2482 posse
1032 2404 1185 2481 appareat
1220 2402 1312 2473 Quod
1327 2407 1413 2486 poet·

300 2523 389 2584 qnam
413 2504 474 2565 iam
501 2505 586 2586 prins
615 2523 633 2566 a
661 2505 686 2566 Ι.
713 2505 856 2566 Richtero
886 2505 927 2566 in'
947 2502 1160 2565 dissertatione
1188 2505 1227 2567 de
1253 2508 1409 2591 Aeschyli,

195 2610 198 2618 '
301 2597 465 2686 Sophoclis,
478 2604 636 2687 'Euripidis
656 2607 873 2688 interpretibus
895 2605 1021 2668 Graecis
1041 2607 1200 2687 probatum
1222 2615 1279 2686 est,
1298 2631 1409 2693 nuper-

299 2710 374 2770 rime
396 2710 516 2772 demum
537 2727 627 2790 quam
648 2711 778 2772 maxime
799 2711 965 2772 refutatum
992 2714 1083 2791 atque
1101 2729 1156 2791 pro
1179 2711 1255 2774 ielso
1279 2715 1410 2775 evictum

299 2817 348 2874 est
369 2815 407 2874 ab
421 2812 534 2875 Ottone
546 2814 668 2891 Korni0‚
688 2816 739 2895 qui
762 2815 793 2876 in
811 2812 1023 2875 dissertatione
1046 2813 1108 2889 „de
1130 2812 1249 2892 publico
1264 2813 1412 2898 Aeschyli

301 2913 455 2995 Sophoclis
476 2915 630 2999 Euripidis
654 2919 823 2980 fabularum
844 2916 1009 2999 exemplari
1033 2915 1177 2994 Lycurgo
1197 2921 1320 2980 anctore
1341 2940 1412 2981 con-

300 3019 397 3096 fecto“
416 3018 540 3082 Bonnae
557 3025 641 3082 1863
657 3021 865 3085 auctoritatem
879 3023 977 3102 ipsam
993 3019 1074 3080 illins
1095 3019 1278 3099 exemplaris
1295 3023 1412 3102 antiqui

299 3121 379 3180 haud
407 3122 516 3184 iniuria
540 3143 665 3204 prorsus
694 3125 862 3186 debilitavit
887 3129 979 3205 atque
999 3121 1098 3200 fregit.
1141 3121 1251 3200 Neque
1270 3125 1359 3185 aliter
1378 3127 1411 3186 in

298 3223 355 3284 hac
374 3227 550 3305 quaestione
580 3228 610 3288 in
640 3247 700 3307 qna
721 3248 777 3290 nos
804 3247 964 3290 versamur
1000 3228 1099 3288 iacere
1127 3245 1304 3305 possumus,
1335 3229 1409 3310 quin

298 3329 420 3406 praeter
439 3330 612 3408 primarium
634 3331 719 3392 illum
740 3331 872 3393 codicem
893 3332 984 3393 etiam
1003 3327 1149 3391 nonnulla
1167 3328 1226 3390 alie
1243 3332 1412 3414 archetypa

297 3447 378 3490 nnnc
406 3431 526 3510 quidem
556 3434 712 3514 deperdita
744 3433 899 3496 exstitisse
929 3436 1106 3494 statuamus
1131 3465 1177 3493 -τ
1226 3432 1314 3504 Quae
1341 3455 1410 3496 sen·

297 3533 393 3594 tentia
432 3538 520 3596 extre
563 3555 680 3612 omnem
727 3536 945 3598 dubitationem
987 3536 1087 3617 posita
1131 3554 1201 3597 esse
1244 3536 1415 3613 videbitur,

298 3634 324 3694 si
361 3635 399 3695 ad
436 3635 504 3698 illas
536 3657 608 3728 pes,
655 3639 762 3718 quibus
797 3638 1035 3700 Laurentianum
1065 3643 1096 3704 Γ
1132 3639 1170 3699 ab
1205 3638 1246 3699 A
1288 3639 1409 3701 differre

296 3738 356 3799 iam
387 3759 481 3820 snpra
508 3741 797 3819 demonstrauimus,
826 3743 907 3804 aliud
935 3743 1007 3830 qnid
1033 3761 1093 3802 non
1122 3740 1245 3800 minoris
1266 3742 1410 3803 momenti

296 3842 532 3920 cognoverimus.
582 3843 651 3905 Non
672 3846 760 3926 pauci
782 3846 862 3907 enim
879 3847 1080 3908 »inveniuntur
1098 3846 1172 3917 loci,
1192 3843 1302 3921 quibus
1323 3847 1405 3910 Lau·

296 3945 427 4006 rentiani
447 3947 488 4007 A
508 3947 651 4010 lectiones
673 3953 727 4010 aut
750 3951 853 4030 aperte
873 3952 1032 4027 corruptae
1050 3947 1248 4008 emendantur
1269 3954 1323 4010 ant
1344 3951 1411 4012 sine

298 4049 388 4111 dnbio
414 4069 563 4130 perverse
594 4055 793 4114 commutatae
822 4052 1015 4130 corriguntur
1044 4053 1076 4110 et
1103 4051 1134 4110 in
1160 4050 1295 4112 ordinem
1322 4054 1410 4116 resti·

297 4153 424 4212 tuuntur
454 4153 543 4214 unius
565 4155 686 4216 ¹codicis
719 4161 749 4217 Γ
786 4155 974 4216 anctoritate.
1026 4151 1133 4233 Neque
1165 4171 1270 4214 eornm
1296 4157 1344 4217 vie
1374 4177 1410 4218 ae

296 4254 429 4334 dignitas
450 4257 600 4320 nonnullis
630 4254 696 4320 aliie
727 4258 801 4320 locis
821 4259 859 4319 ab
880 4258 999 4318 illorum
1020 4259 1129 4317 natura
1149 4255 1193 4317 ita
1214 4257 1408 4338 discrepanti·

296 4359 366 4432 bus,
388 4361 423 4418 ut
443 4361 624 4422 contrarium
645 4362 801 4443 probabile
821 4362 950 4422 reddere
971 4361 1149 4437 uideantur,
1176 4360 1284 4442 quihus
1305 4360 1409 4422 lectio·

295 4480 350 4521 nes
376 4481 469 4524 uerae
492 4464 600 4525 codicis
620 4465 660 4526 A
682 4484 749 4526 cnm
771 4485 830 4527 nno
853 4469 883 4528 Γ
903 4465 1107 4542 consentiunt,
1134 4462 1325 4551 nullomodo
1347 4465 1410 4545 opi·

1660 4424 1662 4501 l
