3584 5292
743 567 841 651 „ta
1393 565 1435 631 13

407 755 479 820 Cod
503 758 595 820 Laur.
619 756 665 819 A:
1099 754 1171 817 Cod.
1192 752 1285 816 Paris.
1308 752 1353 814 A:

362 879 391 921 v.
416 863 479 922 920
510 852 664 923 θανάτων
684 851 895 941 κατασφαγάς
1075 848 1244 919 θανόντων
1268 873 1433 918 κατασκα-

1123 953 1206 1043 (adm
1227 959 1271 1021 sio
1286 961 1317 1020 et
1334 960 1434 1020 omnia

1124 1081 1227 1143 apogr.

384 1188 413 1228 v.
438 1171 498 1230 931
542 1169 614 1243 ταῖς
1090 1166 1195 1228 τοῖσιν

382 1290 412 1331 v.
437 1272 500 1331 980
544 1261 670 1353 πατρός
1094 1258 1216 1350 ματρός

383 1393 412 1434 v.
436 1377 498 1436 998
539 1375 595 1457 τῆς
618 1367 697 1458 ἐμῆς
719 1369 836 1455 σημεῖα
1094 1371 1211 1454 σημεῖα
1231 1371 1289 1454 τῆς
1310 1363 1389 1454 ἐμῆς

381 1480 516 1538 1.·1025
540 1469 596 1538 oin
617 1468 682 1538 ἔστ’
705 1511 739 1520 -
1093 1461 1194 1535 οὐκέτ’
1214 1467 1280 1538 ἔστ’
1300 1509 1344 1518 -

384 1598 412 1639 v.
435 1581 518 1640 1027
541 1570 668 1663 ἇΐνητας
1093 1564 1242 1659 ἀκίνητος
1251 1579 1283 1637 et
1293 1575 1331 1636 al.
1346 1575 1429 1638 oodd.

385 1699 414 1741 1.
438 1684 521 1742 1037
543 1677 600 1744 τὸν
623 1669 832 1766 πρασάρδεων
980 1685 984 1693 “
1091 1699 1120 1741 τ.
1143 1673 1228 1760 πρὸς
1248 1671 1398 1760 Σάρδεων

383 1800 411 1841 v.
436 1783 521 1841 1040
544 1770 580 1844 ori
603 1774 642 1869 δή
1091 1772 1156 1843 οὐδ’
1178 1773 1208 1843 εἰ

382 1957 410 1997 v.
435 1939 519 1998 1068
541 1887 685 2018 βάλλοὲιν,
706 1959 733 1999 ω
754 1956 774 1998 a
794 1955 832 1996 m.
854 1955 899 2016 pr.
1090 1923 1199 2014 βαλών

382 2061 411 2102 v.
434 2045 517 2102 1092
540 2030 749 2120 ἐπιστάμεθα
1092 2029 1324 2115 ἐπιστάμεσθα

382 2164 410 2204 v.
434 2145 517 2211 1098
539 2140 648 2204 λακεῖν
669 2163 738 2204 oum
760 2142 839 2204 Flor.
862 2144 890 2204 b.
1090 2133 1197 2222 Κρέον
1210 2139 1347 2201 etomnia
1358 2158 1428 2221 apo

786 2243 791 2260 ‘
1123 2245 1241 2324 grapha
1301 2246 1429 2324 excepto

1123 2346 1205 2409 Flor.
1227 2347 1254 2407 b.

383 2472 412 2514 v.
437 2458 519 2516 1119
542 2445 684 2515 ἰτάλειαν
1092 2442 1219 2513 ἶταλίαν

383 2575 411 2618 v.
436 2559 519 2617 1228
544 2555 640 2618 νταῖαν
1092 2541 1170 2617 οἷον.

427 2719 485 2781 His
507 2721 602 2801 igitur
627 2721 746 2784 oiroiter
768 2719 968 2802 quadraginta
988 2720 1080 2796 louis,
1106 2721 1216 2800 quibus
1244 2738 1305 2782 una
1335 2720 1368 2780 in
1386 2707 1429 2781 fa-

320 2820 392 2882 bula
412 2822 635 2888 Laurentianus
658 2824 688 2885 A
710 2844 751 2884 ex
771 2822 908 2885 Parisino
938 2825 1115 2884 emendatus
1141 2827 1205 2902 est,
1231 2825 1429 2885 vehementer

320 2924 372 2986 lex
391 2924 444 2987 illa
464 2925 643 3004 Cobetiaua,
672 2927 704 2987 in
726 2925 901 3007 Sophooleis
921 2927 1030 2988 fabulis
1054 2927 1248 2988 emendandis
1269 2913 1309 2988 ad
1333 2946 1428 2987 unum

320 3026 555 3092 Laurentianum
588 3032 725 3093 omnibus
758 3029 825 3092 aliis
858 3030 943 3091 codd.
971 3033 1062 3108 atque
1090 3031 1183 3090 etiam
1209 3028 1346 3090 Parisino
1374 3048 1426 3089 na·

320 3129 427 3206 gleotis
450 3135 665 3196 recurrendum
688 3153 766 3208 esso,
785 3132 941 3213 reprobari
956 3134 1028 3194 mihi
1050 3133 1180 3194 videtur.
1223 3130 1428 3203 Quamobrem

320 3251 501 3313 quamquam
520 3236 609 3299 Laur.
632 3237 668 3298 A.
693 3236 830 3298 Parisino
854 3236 972 3297 omnino
993 3237 1209 3318 praeferendus
1229 3239 1296 3312 est,
1325 3236 1426 3296 tamen

319 3353 379 3396 non
401 3340 449 3398 est
470 3357 524 3400 our
546 3342 609 3402 eod.
637 3339 821 3415 Parisinum,
849 3339 901 3418 qui
923 3342 969 3401 tot
998 3341 1149 3421 praesidia
1170 3340 1209 3400 ad
1231 3339 1351 3399 textum
1377 3356 1425 3398 re

319 3439 506 3502 stitnendum
527 3443 649 3519 afferat,
675 3443 765 3524 plane
792 3446 1027 3506 contemnamus.
1070 3443 1172 3523 Atque
1200 3442 1245 3503 illi
1273 3439 1347 3521 ipsi,
1374 3440 1426 3520 qui

320 3540 514 3605 Cobotianam
540 3547 623 3608 illam
645 3547 745 3623 legem
764 3561 834 3604 sese
856 3544 1012 3626 amplexos
1034 3565 1103 3607 esse
1132 3545 1327 3626 profitentur,
1356 3561 1426 3604 oon-

317 3649 366 3706 tra
386 3667 454 3710 eam
482 3649 582 3711 faeere
603 3648 746 3709 videntur
773 3650 805 3709 et
833 3649 921 3727 quasi
948 3649 1039 3710 tacite
1065 3649 1302 3729 reprehendere,
1332 3666 1424 3728 quum

318 3752 362 3810 tot
388 3771 429 3814 ox
466 3772 527 3814 nno
556 3749 691 3812 Parisino
726 3751 826 3824 looos,
843 3754 1019 3815 emendatos
1041 3751 1119 3812 'sine
1150 3752 1212 3813 ulla
1239 3749 1424 3810 dubitatione

317 3854 509 3932 oomprobent
531 3857 620 3934 atque
642 3874 696 3934 pro
718 3855 800 3916 veris
822 3855 999 3917 lectionibus
1021 3854 1118 3916 textui
1144 3853 1289 3914 inserant.
1333 3852 1424 3924 Quod

315 3956 478 4038 praecipue
502 3977 521 4019 a
541 3956 695 4018 Dindorfio
723 3958 754 4017 in
777 3959 908 4020 editione
930 3957 1097 4020 Oxoniensi
1121 3977 1147 4018 a
1172 3958 1257 4018 1860
1285 3958 1425 4018 commis·

316 4075 383 4117 sum
412 4077 481 4120 essa
501 4060 657 4135 videmus,
686 4062 738 4138 qui
766 4062 829 4122 fere
851 4061 988 4122 omnibns
1008 4062 1086 4137 illis,
1109 4079 1185 4139 qnos
1208 4079 1301 4142 supra
1322 4062 1423 4122 attuli·

314 4179 392 4238 mus,
415 4163 487 4224 locis
508 4165 571 4226 ood.
594 4164 721 4247 Parisini
741 4163 871 4240 lectioni,
895 4184 957 4226 non
977 4164 1173 4226 Laurentiani
1194 4165 1311 4246 priores
1333 4166 1424 4226 dedit

314 4252 470 4327 Nauolrius
489 4287 563 4330 vero
585 4289 603 4332 a
624 4268 747 4331 oonsilio
769 4287 839 4346 sno,
868 4271 904 4330 ut
930 4268 1062 4330 oodioom
1083 4267 1319 4332 Laurentianum
1347 4270 1423 4328 tam-

313 4385 403 4446 quam
426 4388 561 4432 normam
583 4391 618 4434 aa
635 4371 772 4450 regulam
793 4370 972 4433 emendandi
992 4373 1177 4453 sequendam
1198 4391 1267 4433 esse
1288 4363 1420 4451 putaret,
1502 4389 1515 4408 ·

312 4469 411 4532 minus
432 4471 483 4534 ille
502 4475 621 4556 quidem
639 4474 763 4554 destitit,
783 4474 838 4536 sed
858 4475 940 4536 idem
963 4478 1075 4553 tamen,
1096 4475 1174 4537 siin
1195 4475 1247 4536 illa
1269 4473 1339 4552 lega
1360 4492 1421 4536 non
