3584 5292
808 527 829 575 ll

789 561 840 664 ll.
862 573 871 629 ..¹
1367 588 1407 656 31

319 777 321 781 ⁸
385 775 426 844 Il.
448 803 476 844 v.
501 786 539 842 11
564 771 701 863 ἀγρίοις
719 815 758 826 —-
782 774 904 858 κατεῖχ’
929 773 983 842 ἀεὶ
996 768 1078 840 ’ἱστᾶν
1097 773 1319 860 στρατόπεδον
1339 777 1411 856 (λος-

298 879 437 972 φημίοις
456 919 494 932 -
520 885 616 964 βῶον,
639 871 801 960 στενάζων
834 884 927 954 ⁴Looo
956 873 1140 970 (στνιοίζωί
1161 882 1193 942 in
1208 888 1242 945 f
1262 884 1411 966 seriptum

298 995 347 1051 est
364 982 456 1074 ἢϋζον
479 988 563 1066 (sio),
594 987 625 1046 in
655 1005 715 1065 qua
734 1005 839 1047 reram
856 987 1016 1047 lectionem
1043 976 1137 1060 ίίίζινν
1162 984 1263 1049 latere
1283 987 1411 1053 Diudor‘.

297 1093 355 1154 lius
376 1093 415 1153 ad
436 1093 464 1152 h.
481 1091 498 1150 l.
521 1093 604 1150 reete
626 1089 844 1152 animadvertit.
883 1087 1027 1152 Similiter
1047 1089 1142 1150 rerba
1162 1087 1297 1169 ssodvot
1315 1083 1412 1168 ίΰζειν

298 1197 457 1258 coniuncta
479 1193 649 1254 invenimus
673 1193 852 1266 Trachina.
871 1196 950 1253 787:
970 1186 1099 1254 ἐσπᾶτο
1119 1185 1180 1273 γὰρ
1195 1187 1332 1256 πέδονδε
1354 1189 1411 1255 aul

296 1291 483 1378 μετάρσιος
510 1295 610 1376 βοῶν,
645 1287 745 1372 ἶλίζων.
791 1296 895 1367 Quum
922 1297 1024 1358 autem
1050 1287 1147 1370 ίΰζειν
1172 1297 1266 1356 multo
1287 1296 1410 1376 elegen-

297 1399 358 1462 tius
380 1417 469 1479 quam
492 1391 620 1478 vulgare
643 1394 801 1476 στενάζειν
823 1400 937 1460 dietum
958 1417 1027 1458 esse
1050 1397 1199 1472 rideatur,
1219 1388 1276 1460 hoo
1290 1417 1346 1480 pro
1359 1401 1412 1470 illo

296 1503 328 1562 in
358 1504 477 1564 textum
504 1502 664 1582 irrepsisse
694 1503 782 1564 faeile
805 1501 862 1562 sibi
880 1500 1089 1578 unusquisque
1117 1502 1288 1579 persuadet.
1332 1498 1411 1565 llam

296 1606 371 1665 haee
392 1604 469 1664 ratio
491 1604 523 1663 in
543 1605 637 1666 variis
658 1604 836 1666 lectionibus
859 1602 1065 1664 discernendis
1086 1593 1217 1664 maimo
1236 1605 1339 1668 valeat
1358 1627 1410 1668 ne

297 1725 383 1768 eesse
405 1709 460 1766 est.
1406 1742 1410 1756 ·

383 1825 412 1868 r.
436 1811 497 1868 205
528 1802 639 1886 βάλλει
667 1802 779 1887 βάλλει
805 1798 843 1887 μ’
867 1801 970 1886 ἐτίμα
991 1843 1036 1856 -
1058 1799 1192 1890 pdoyyoi
1211 1827 1271 1868 του
1296 1802 1411 1890 στίβον

297 1900 371 1970 κατ’
394 1901 532 1990 ἀνάγκαν
560 1947 603 1956 -
630 1904 788 1993 ἕρποντος
810 1901 875 1971 aas.
918 1910 977 1971 Pro
1004 1902 1120 1989 στίβου
1142 1913 1172 1969 Γ
1193 1914 1320 1990 praebet
1341 1908 1412 1975 στί·

297 2014 364 2091 βσν.
408 2009 451 2071 Et
477 2012 589 2073 rectius
614 2014 733 2094 quidem
754 2006 868 2092 στίβον
895 2015 934 2074 ab
955 2007 1115 2093 ἕρποντσς
1138 1999 1322 2094 suspensum
1340 2016 1410 2079 facis

297 2134 365 2174 mus
393 2133 482 2195 quam
506 2108 623 2196 στίβου
651 2117 689 2178 ab
712 2108 848 2196 ἀνάγκα,
879 2116 911 2176 id
941 2117 1021 2197 quod
1046 2115 1221 2177 Dindorfius
1249 2118 1411 2180 existimat

298 2215 426 2297 Saepius
455 2217 534 2277 enim
564 2213 646 2279 κατὰ
673 2239 742 2280 eum
771 2219 954 2306 Accusativo
985 2217 1125 2296 adverbii.
1146 2217 1211 2279 loeo
1241 2221 1412 2301 tamapud

300 2324 408 2402 postes
439 2341 529 2400 quam
556 2325 637 2404 apud
665 2324 782 2384 solutae
812 2324 955 2385 orationis
986 2322 1149 2402 soriplores
1175 2325 1357 2404 usurpatur,
1376 2327 1414 2388 ut

299 2531 370 2581 varia
389 2529 532 2594 suspicione
551 2529 668 2594 oppressi
692 2529 838 2594 aBergkio
862 2529 996 2580 Dindorfio
1023 2529 1082 2580 aliis
1106 2533 1197 2594 poetae
1215 2529 1333 2593 abrogati
1354 2533 1412 2580 sunt

299 2619 358 2666 non‘
376 2613 457 2664 solum
482 2615 514 2664 ob
541 2613 689 2664 seutentiam
712 2613 796 2681 ipsam
827 2615 871 2666 sed
898 2615 974 2666 etiam
1001 2619 1107 2680 propter
1129 2615 1299 2686 dubitationes
1323 2621 1412 2666 contra

299 2697 393 2749 formas
412 2699 590 2749 nonnullorum
607 2699 742 2749 verborum
759 2700 856 2750 allatas.
890 2697 958 2750 Mihi
977 2700 1090 2766 quidem,
1116 2700 1138 2749 si
1161 2700 1208 2750 illa
1225 2682 1302 2750 rerba
1319 2701 1352 2749 ad
1369 2717 1410 2749 so-

298 2785 351 2834 lum
368 2783 582 2850 Agamemnonem
600 2783 743 2836 referrmtur
761 2814 794 2822 -
815 2791 893 2852 poeta
914 2789 997 2836 autern
1014 2785 1083 2834 haud
1100 2786 1186 2854 inepte
1208 2786 1311 2836 Aiacem
1328 2786 1369 2836 ira
1386 2792 1411 2837 et

299 2869 357 2920 odio
376 2875 527 2921 commotum
546 2872 646 2935 utrique
665 2870 813 2920 Atridarum
834 2871 938 2921 eandem
957 2867 1125 2923 calamitatem
1142 2871 1324 2938 imprecantem
1342 2871 1412 2936 faed,

299 2969 362 3019 quae
380 2955 469 3006 deindo
492 2957 520 3006 in
542 2971 593 3005 uno
613 2955 801 3020 Agamemnone
819 2960 876 3004 rata
900 2956 968 3004 faeta
985 2961 1026 3006 est
1040 2983 1077 2995 —-
1094 2959 1220 3007 sententia
1236 2973 1354 3009 versuum
1371 2960 1413 3010 tel

300 3042 407 3092 maxime
424 3045 484 3106 apte
501 3042 616 3103 videtur;
644 3040 687 3105 qui
711 3038 733 3091 si
750 3039 827 3090 deleti
843 3045 943 3105 essent,
966 3041 1046 3092 totius
1059 3036 1116 3092 loei
1136 3043 1189 3107 vis,
1212 3048 1243 3094 ut
1264 3043 1304 3096 ita
1320 3044 1409 3106 dicam,

300 3127 380 3178 fresta
398 3132 472 3178 esset.
506 3126 611 3193 Itaque,
638 3129 665 3176 ut
682 3141 783 3176 versum
800 3124 931 3188 retineam,
954 3125 1037 3178 looum
1057 3127 1202 3178 coniectura
1218 3129 1352 3180 restituere
1372 3134 1410 3180 at·

300 3206 349 3276 que
365 3228 413 3276 pro
438 3207 567 3278 ἐκγόνων
587 3213 696 3262 seribere
722 3211 751 3262 ἐκ
770 3208 871 3279 δόμων
890 3212 985 3261 malim.
1018 3213 1173 3263 At'obstant
1191 3214 1361 3264 dubitationes
1379 3214 1410 3264 de

300 3296 422 3348 adverbio
445 3293 498 3356 νὼς
527 3303 552 3347 et
574 3298 604 3348 de
628 3291 783 3364 superlativo
806 3297 952 3364 φίλιστος,
976 3297 1003 3346 iu
1027 3303 1082 3348 tota
1106 3291 1248 3348 Graeoitate
1274 3300 1348 3351 modo
1366 3301 1410 3348 hio

299 3381 415 3445 invento,
438 3387 528 3434 motae.
568 3383 606 3432 De
630 3381 749 3433 adverbio
775 3383 875 3448 quidem
902 3383 963 3433 satis
986 3387 1024 3433 est
1043 3383 1166 3434 Lobeokii
1190 3385 1241 3435 riri
1261 3384 1410 3449 locupletis·

299 3467 357 3518 simi
377 3469 499 3518 iudicium
521 3483 716 3518 commemorare
745 3465 798 3523 τὼς
824 3469 892 3532 opud
916 3468 1029 3534 tragicos
1053 3469 1107 3535 legi
1126 3470 1184 3534 plus
1208 3471 1294 3520 semol.
1334 3469 1410 3535 Apud

298 3555 449 3622 Aeschylum
467 3553 533 3618 enim
552 3554 680 3618 reperitur
698 3553 778 3604 tribus
796 3552 868 3614 loois,
888 3553 958 3619 Sept.
976 3571 998 3603 r.
1012 3561 1075 3609 666.
1106 3556 1197 3621 Suppl.
1213 3575 1236 3611 r.
1254 3563 1288 3608 66
1307 3562 1333 3604 et
1349 3561 1409 3608 673.

298 3639 338 3689 Ad
361 3639 468 3688 alterum
488 3643 572 3688 autern
596 3637 768 3704 infrigendurn
796 3638 883 3690 eadem
914 3639 961 3689 illa
989 3639 1055 3689 ratio
1085 3655 1159 3704 quam
1183 3655 1260 3706 supra
1284 3639 1410 3690 declarari

299 3724 452 3790 permultum
474 3725 557 3774 valere
581 3725 687 3776 videtin.
730 3725 904 3790 Superlatirus
926 3728 1071 3796 ιγλλιστος,
1102 3742 1174 3792 quem
1200 3725 1300 3790 quidem
1324 3739 1409 3772 omnes

298 3809 371 3858 codd.
395 3815 420 3859 et
442 3811 594 3861 Euatathius
618 3827 677 3877 pag.
704 3815 786 3876 1867,
809 3817 843 3862 40
866 3818 891 3861 et
918 3811 1009 3862 Suidas
1031 3829 1052 3861 s.
1076 3829 1098 3861 v.
1118 3807 1284 3878 αὐτοσφαγῆ
1308 3813 1334 3859 et
1356 3805 1410 3866 τὼς

298 3899 451 3957 agnoscunt,
472 3901 500 3946 ut
518 3896 549 3945 ab
568 3892 655 3963 ἄλγος
674 3893 795 3962 diptota,
822 3893 955 3962 ἄλγιστος
971 3901 998 3946 et
1019 3898 1051 3946 ab
1069 3893 1169 3952 κάλλος
1186 3892 1323 3958 καλλίων,
1340 3890 1408 3945 κοίλ-

215 4011 221 4018 -
297 3979 392 4034 λιστος
410 3980 549 4031 derivatum
564 3985 615 4043 est,
633 3981 671 4029 ita
687 3981 743 4046 ipss
764 3979 873 4030 fortasse
891 3980 923 4030 ab
941 3980 1098 4042 subtmstivo,
1121 3981 1189 4044 qued
1207 3981 1347 4045 antiquiore
1365 3997 1408 4031 ex·
1490 4017 1494 4023 .

297 4063 405 4126 stiterit,
430 4063 462 4116 τὰ
490 4067 575 4136 φίλος
600 4063 665 4116 oriri
686 4064 779 4130 potuit
810 4065 889 4130 Apud
905 4066 1046 4119 Homerum
1063 4065 1163 4129 quidem
1182 4081 1258 4132 quum
1277 4081 1408 4132 oonrpara⁴¹

296 4148 363 4198 tirus
383 4151 491 4219 φιλίων
510 4153 720 4218 legatur0d1‚
746 4157 804 4204 531.
834 4169 864 4212 ω,
885 4157 950 4214 268,
968 4152 998 4200 in
1014 4152 1062 4202 hac
1079 4167 1106 4202 re
1125 4150 1239 4218 profeoto
1259 4151 1409 4216 Sophocles,

296 4236 385 4298 utpote
404 4250 478 4298 quem
496 4233 724 4310 Ὁμηρικώτοτον
745 4253 799 4288 esse
819 4239 929 4299 constet,
954 4237 1024 4287 illius
1053 4237 1194 4302 exemplum
1217 4237 1314 4287 imitari
1332 4243 1407 4300 atque

296 4318 359 4368 adeo
377 4318 483 4370 ulterius
507 4324 624 4388 persequi
650 4323 742 4388 potuit.
776 4323 845 4374 Hirro
872 4323 935 4373 satis
958 4321 1057 4372 defendi
1075 4337 1150 4388 posse
1166 4337 1258 4372 norum
1278 4325 1351 4384 atque
1366 4321 1407 4368 in·

296 4403 418 4454 usitatum
436 4407 619 4471 superlativum
636 4409 767 4478 σιλισιος
783 4398 949 4475 intellegitur.
984 4409 1065 4474 Atque
1083 4408 1170 4458 sedern
1181 4405 1327 4457 maenaa«
1339 4403 1409 4457 ride·

295 4494 339 4540 tur
357 4491 527 4556 superlativus
546 4495 740 4572 τολγιίστοτος,
758 4509 833 4561 quem
850 4496 938 4552 notari
955 4506 1035 4559 supra
1052 4493 1084 4543 ad
1095 4491 1170 4546 l’hil.
1188 4508 1210 4542 ν.
1230 4496 1288 4561 984,-
