3584 5292
388 576 432 645 ³²
848 559 932 682 βὶζι

388 765 470 848 apud
498 761 664 828 Homerum
695 769 799 830 exstat
824 767 998 831 sexeentiee
1026 761 1110 830 κατὰ
1145 768 1278 850 μοῖραν,
1316 771 1387 834 alibi
1414 768 1497 835 κατὰ

388 862 505 952 κράτος
530 868 593 929 ie.
620 869 831 946 vehementer,
857 866 940 934 κατὰ
962 864 1062 953 μέρος
1083 872 1103 934 i
1124 891 1151 934 e.
1172 872 1325 949 vioiesim,
1350 869 1433 938 κατὰ
1459 871 1497 940 τὸ

387 963 516 1055 ἰσχυρὸν
534 970 553 1034 i.
568 990 594 1032 e.
616 993 672 1054 per
692 973 756 1034 vim
776 976 830 1035 aut
847 974 945 1036 valde.
989 976 1039 1036 Ita
1058 971 1142 1054 apud
1155 972 1274 1036 Atticos
1296 976 1371 1038 satia
1392 979 1498 1040 tritum

387 1077 438 1138 est
458 1075 550 1136 etiem
575 1076 650 1136 illud
675 1068 748 1136 κατ’
776 1066 912 1160 ἀνάγκην
937 1079 990 1136 aut
1013 1070 1099 1158 πρὸς
1128 1068 1265 1162 ἀνάγκην
1286 1062 1389 1142 eut'
1368 1075 1497 1167 αναγκῃ,

287 1263 290 1270 .
388 1199 464 1262 quae
485 1178 585 1242 omnia
608 1177 779 1257 significent
801 1195 909 1266 aegre
930 1168 1080 1238 moleste.²

474 1301 503 1344 v
527 1284 591 1342 414
611 1283 709 1343 eodex
728 1285 759 1345 Γ
780 1282 863 1344 eolus
885 1299 1011 1342 versum
1031 1280 1154 1342 exhibet
1182 1282 1349 1361 integrum:
1381 1275 1497 1350 ἀλλ”
1478 1309 1498 1371 η

386 1372 501 1462 χοῦτος
521 1373 644 1460 rihmar
671 1375 792 1446 θανών.
837 1382 876 1444 In
898 1382 1102 1444 Laurentiano
1123 1382 1164 1445 A
1184 1383 1264 1444 enim
1285 1387 1431 1450 omissum
1449 1392 1500 1452 eet

387 1477 463 1550 ἄλλ’.

475 1609 504 1650 v.
531 1591 592 1650 736
622 1578 657 1648 τί
676 1582 748 1661 τοὺς
769 1580 869 1660 θεοὺς
889 1575 1071 1649 ἆναστενῶν
1097 1584 1225 1665 καλεῖς,·
1250 1607 1305 1669 pro
1334 1587 1444 1666 καλεῖς
1465 1596 1498 1656 Γ

387 1691 511 1752 exhibet
528 1691 626 1774 βοᾷς,
650 1690 729 1769 quod
751 1690 846 1751 multe
867 1690 966 1769 magis
986 1687 1058 1750 mihi
1079 1690 1179 1771 plaeet
1193 1709 1282 1771 quam
1302 1692 1378 1754 illud
1399 1695 1497 1756 omnis

386 1793 502 1872 vigoris
524 1811 635 1874 expers
663 1789 790 1868 καλεῖς,
819 1793 958 1872 quodque
985 1793 1043 1854 hee
1063 1793 1128 1854 loeo
1157 1792 1190 1854 in
1217 1796 1308 1856 textu
1334 1797 1496 1858 restituen-

386 1897 459 1958 dum
480 1915 549 1958 esee
571 1896 712 1959 existimo
718 1898 928 1978 ,praesertim
950 1915 1043 1977 quum
1062 1898 1095 1957 et
1114 1897 1198 1977 βοᾶν
1218 1892 1290 1959 τινὰ
1309 1898 1363 1959 ie.
1384 1899 1498 1961 auxilio

386 2001 552 2082 aliquem
543 2019 685 2064 mvoeare
709 2000 742 2062 in
767 2001 848 2062 hune
878 2001 977 2062 loonm
1004 1998 1135 2107 maxime
1163 2001 1291 2081 quadret
1318 2003 1351 2061 et
1371 2002 1498 2064 verbum

385 2103 488 2184 ipenm
507 2103 629 2166 minime
652 2107 706 2166 aut
732 2104 995 2186 interpolationem
1016 2090 1071 2164 eut
1089 2102 1391 2183 interpretamentum
1411 2107 1497 2166 redo-

385 2208 449 2270 lere
469 2205 617 2269 videatur.
669 2205 771 2288 Atque
798 2208 891 2268 etiem
919 2185 1037 2268 in‘hao
1066 2223 1102 2264 re
1130 2208 1222 2284 poeta
1246 2206 1373 2269 Homeri
1395 2228 1498 2270 exem·

384 2309 507 2392 plum
498 2315 564 2374 rmrt
542 2311 634 2372 'tetus
660 2329 731 2371 esee
758 2310 929 2371 censendus
957 2311 1021 2383 est,
1056 2307 1137 2387 apud
1165 2327 1254 2387 quem
1283 2329 1497 2392 nonnunquam

254 2477 257 2484 ⁴
384 2413 537 2480 invenitur
555 2408 762 2494 ἑπιβοᾶσθαι
783 2408 857 2488 τοὺς
877 2406 985 2486 θεούς.
1007 2410 1044 2471 or:
1064 2407 1120 2470 Od.
1142 2415 1176 2487 1,
1199 2413 1270 2473 378.
1301 2417 1430 2489 2,143.
1460 2415 1496 2477 11.

386 2521 438 2594 ro,
461 2519 534 2578 ree.

470 2638 500 2680 τ.
523 2619 607 2680 1007
629 2618 762 2700 φρονῶν,
777 2651 819 2662 -
835 2603 881 2678 οἶ)
903 2606 946 2679 αὖ
965 2609 1004 2697 μ)
1026 2608 1192 2702 ὑπῆλθες,
1211 2608 1249 2690 ὅς
1270 2609 1309 2695 μ’
1332 2612 1494 2703 ἕβηρολσω,

384 2718 491 2804 λαβὼν
503 2755 547 2766 -
562 2715 736 2804 πρόβλημα
758 2722 874 2782 σαυτοῦ
895 2716 1002 2781 παῖδα
1023 2709 1110 2780 τόνδ’
1132 2705 1245 2797 ἀγνῶτ’
1262 2712 1337 2799 ἐμοί
1351 2715 1416 2786 xre.
1458 2721 1496 2784 In

386 2825 592 2888 Laurentiano
614 2823 655 2884 A
677 2823 780 2882 exstat
800 2813 844 2896 ὡς
865 2819 898 2900 μ’
921 2811 1084 2905 ἕθηρολσιο,
1106 2821 1139 2882 in
1160 2822 1191 2882 Γ
1213 2840 1305 2902 super
1325 2817 1370 2898 ὡς
1393 2818 1411 2888 ὁ
1432 2827 1451 2887 ἰ
1470 2846 1496 2888 e.

383 2919 421 3003 ὃς
448 2927 594 3009 seriptum
620 2928 684 3001 eet,
716 2925 795 3008 quod
821 2925 882 2986 iem
912 2923 1143 2986 oWekefieldo
1169 2925 1253 2986 reete
1279 2925 1437 2990 inventum
1464 2930 1497 2992 in

385 3024 504 3097 teritum
526 3031 591 3092 fere
614 3048 717 3090 omnes
740 3027 871 3089 editores
893 3029 1082 3107 receperunt.

474 3133 533 3196 III
578 3154 607 3195 v.
628 3136 691 3194 482
714 3125 856 3212 ἐμβαλοῦ
877 3149 919 3209 με
940 3163 985 3173 -
1007 3121 1055 3202 εἰς
1076 3116 1218 3206 ἀντλίαν,
1241 3124 1275 3205 ἐς
1297 3131 1437 3215 πρῷραν,
1462 3128 1496 3209 ἐς

383 3229 545 3324 πρύμνην,
586 3230 667 3300 ὅσοι
697 3268 742 3279 -
771 3226 929 3317 ἤκιστος
930 3226 1023 3293 ιε’λλιο
1055 3225 1130 3304 τοὺς
1161 3221 1310 3308 ξυνόντας
1338 3224 1495 3318 ἅλγυντῖν.

382 3333 482 3404 Pro‘'
463 3361 543 3404 οττοι
572 3339 696 3401 exhibet
716 3330 781 3399 s‘
769 3330 874 3412 όιτου,·
906 3353 1033 3414 querum
1062 3335 1164 3394 utrum
1193 3337 1424 3414 praeferendum
1446 3339 1496 3415 sit,

383 3446 440 3508 hoe
467 3444 534 3504 loeo
562 3443 644 3504 haud
672 3441 760 3502 feeile
785 3437 972 3499 diiudicetur.
1035 3433 1097 3496 see
1122 3437 1279 3516 quoniam,
1314 3441 1494 3521 ubicumque

383 3547 545 3609 leeh'euum
573 3543 771 3606 auotoritas
761 3563 794 3604 m
823 3543 950 3621 utroque
972 3539 1075 3601 codiee
1101 3540 1243 3616 fluctuat,
1270 3561 1391 3622 semper
1414 3543 1494 3604 Lan-

382 3654 555 3714 rentianum
568 3649 608 3710 A
626 3645 832 3727 praeferamus
851 3644 978 3724 oportet,
1001 3639 1092 3704 etiam
1112 3641 1170 3702 hoo
1188 3640 1254 3704 loeo
1275 3643 1370 3703 multo
1394 3644 1494 3724 aptius

382 3775 438 3838 per
459 3751 669 3816 attractionem
691 3740 771 3810 ὅσοι
801 3754 873 3828 (pro
897 3739 1021 3806 ἕκτῖσεν
1044 3738 1148 3822 ὅπου)
1179 3747 1291 3807 dietum
1321 3765 1391 3806 esse
1410 3745 1494 3807 vide·

382 3863 432 3920 tur
455 3875 546 3937 quam
566 3847 658 3917 ὅπου.

468 3980 498 4020 τ.
522 3961 585 4022 560
606 3950 640 4018 τί
660 3973 718 4034 μοι
743 3987 786 3998 -
808 3941 961 4033 νεώτερον
981 3942 1127 4032 βούλευμ’
1150 3938 1374 4033 ἄντ’Ἅργείων
1395 3943 1494 4028 {irater

380 4067 439 4129 Pro
463 4057 544 4140 {igere
567 4079 646 4123 unns
668 4056 756 4118 modo
781 4055 877 4116 eodex
899 4057 930 4117 Γ
952 4049 1062 4139 φέρεις
1083 4040 1214 4115 exhibet
1266 4052 1414 4122 Quamvis
1435 4054 1494 4133 igi-

380 4175 431 4232 tur
458 4166 548 4230 etiam
578 4165 635 4226 hoe
656 4161 722 4222 loeo
751 4156 938 4236 ambigatur,
965 4159 1068 4217 utrum
1090 4156 1333 4237 anteponendum
1363 4159 1420 4234 eit,
1446 4163 1491 4220 ta·

379 4292 450 4334 men
471 4267 609 4352 equidem
630 4261 854 4327 Laurentienee
875 4260 917 4322 A
937 4257 1058 4319 lectioni
1078 4259 1148 4340 plus
1169 4259 1333 4321 tribuerim.

466 4395 495 4435 v.
514 4373 598 4434 1398
630 4359 704 4430 te’
735 4354 849 4449 ᾔνεσας
877 4383 936 4441 μοι
965 4357 1073 4438 δεξιᾶς
1103 4356 1182 4446 ἐμῆς
1213 4354 1317 4443 θιγών
1337 4397 1381 4407 -
1402 4356 1491 4443 πέμ-

379 4497 454 4540 πειν
476 4469 561 4558 πρὸς
583 4463 698 4542 οἴκους.
751 4465 819 4528 Ηοο
840 4465 906 4528 loeo
927 4463 1000 4542 quin
1025 4462 1136 4526 eodiois
1157 4467 1189 4528 Γ
1211 4465 1301 4528 leetio
1328 4459 1489 4547 πέμψειν,
