3584 5292
466 796 495 838 v.
518 773 600 840 '1471
625 765 684 840 οὖν
705 772 784 858 ἐμὸν
801 769 884 859 τόδ’,
908 770 989 843 ἄλλά
1011 770 1082 859 σόν,
1107 813 1152 826 -
1172 777 1212 844 τὸ
1230 778 1334 845 ταῦθ’
1356 773 1435 864 ὁρᾶν
1450 799 1488 843 τε

382 875 438 944 καί
468 879 676 966 προςνῃορεῖν
700 873 810 966 φίλως.
845 877 955 960 Φίλως
979 901 1160 965 quemquem
1184 898 1204 945 a
1226 886 1325 966 primu
1343 903 1435 946 mauu
1455 884 1489 944 iu

380 985 471 1047 Lnur.
491 986 532 1048 A
554 984 699 1064 seriptum
723 986 797 1062 erat,
821 987 981 1047 tamenab
1004 987 1064 1048 elie
1084 987 1217 1050 radendo
1238 981 1378 1073 ἰαφίλας
1392 990 1488 1049 mute·
1550 1019 1555 1028 ·

381 1091 446 1152 tum
458 1089 527 1163 =est3
549 1087 660 1150 eodieis
674 1090 705 1149 Γ
717 1105 790 1148 vero
813 1087 964 1168 seriptum
980 1089 1108 1151 fluctuet
1126 1091 1207 1152 inter
1220 1083 1317 1175 φίλον
1331 1094 1364 1154 et
1374 1083 1487 1174 φίλως,

382 1192 462 1273 qued
480 1190 632 1272 posterius
651 1189 696 1249 illi
717 1183 814 1271 φίλον
833 1191 1074 1271 anteponendum
1096 1195 1152 1254 est

468 1293 526 1356 ΙΙΙ
558 1313 587 1355 r.
610 1295 672 1356 599
703 1284 842 1377 αἰσχρῶς
864 1289 900 1356 δ’
919 1282 978 1354 ἐάν
1000 1313 1064 1377 περ
1090 1287 1146 1356 καὶ
1172 1286 1266 1377 λέγῃς
1286 1286 1350 1363 nvi.
1391 1293 1488 1355 Recte

380 1399 412 1458 in
434 1398 497 1459 eod.
512 1401 543 1460 Γ
562 1395 705 1458 omissum
723 1396 845 1458 videtur
866 1392 904 1474 δ’,
927 1397 1006 1477 quod
1027 1417 1120 1477 quum
1140 1395 1264 1459 Electra
1283 1397 1325 1458 ed
1345 1415 1390 1474 eu,
1411 1414 1489 1475 quae

379 1504 470 1583 poete
498 1501 770 1583 Clytaemnestram
800 1499 950 1561 dicentem
973 1500 1060 1579 feeit,
1082 1501 1281 1582 respondeat,
1308 1517 1488 1580 supervacu-

380 1623 471 1665 neum
493 1606 525 1664 et
544 1603 634 1682 plane
657 1602 762 1664 inutile
784 1621 853 1664 esse
874 1621 1054 1683 persuasum
1074 1604 1179 1666 habeo.

466 1726 494 1767 v.
518 1709 602 1767 1029
625 1693 701 1766 ἀλλ’
724 1695 761 1768 οίί
781 1702 860 1768 ποτ’
884 1699 934 1782 ἒξ’
955 1700 1032 1786 ἐμοῦ
1059 1724 1095 1788 γε
1121 1701 1166 1790 μὴ
1187 1695 1305 1788 πάθῃς
1325 1697 1408 1766 τάδε.
1452 1705 1490 1768 In

382 1809 483 1871 codiee
498 1809 540 1871 A
561 1825 580 1868 a
601 1807 698 1888 prime
719 1826 810 1870 mauu
831 1809 916 1870 etin
931 1812 962 1871 Γ
983 1830 1038 1891 pro
1057 1809 1186 1872 lentione
1207 1798 1324 1890 πάθῃς
1345 1807 1491 1886 seriptum

380 1917 483 1975 exstet
509 1903 638 1994 μάθῃςς
664 1929 770 1972 reeens
800 1929 908 1971 manus
932 1911 964 1972 in
985 1911 1026 1974 A
1048 1912 1178 1975 mutavit
1200 1933 1226 1991 μ
1253 1911 1286 1971 in
1305 1928 1342 1971 π.
1387 1908 1490 1980 Quare

379 2014 451 2076 mibi
479 2014 674 2075 vehementer
703 2013 826 2074 dubium
853 2013 989 2090 videtur,
1025 2016 1096 2076 utra
1130 2035 1186 2096 pre
1217 2013 1335 2077 veriore
1362 2012 1491 2074 lentioue

379 2117 517 2180 habenda
541 2116 580 2177 nit
591 2162 599 2192 ,
631 2135 723 2196 quum
751 2116 879 2178 sonasse
903 2116 963 2178 ium
987 2117 1102 2198 antiqui
1129 2117 1197 2178 libri
1217 2113 1305 2178 MSS.
1327 2114 1359 2176 in
1378 2115 1436 2176 hee
1455 2134 1490 2176 re

380 2219 600 2282 fluctuaverint.

526 2321 563 2382 D.
592 2319 680 2380 Aiax.

466 2424 490 2484 1.
527 2443 556 2484 v.
579 2425 642 2484 469
671 2409 745 2484 ἄλλ’
769 2407 835 2485 ὧδέ
861 2419 896 2503 γ’
920 2411 1093 2504 Ἀτρείδας
1118 2413 1159 2483 cb
1193 2410 1387 2506 εὖφράναιμί
1413 2443 1490 2487 που.
1603 2490 1610 2504 ,

322 2516 325 2521 ’
380 2527 473 2588 Falsa
494 2527 642 2610 scripture
672 2523 782 2585 eedieie
804 2523 845 2586 A
866 2517 1071 2610 εὖφραίναιμι
1101 2525 1188 2586 facile
1216 2524 1370 2587 emendari
1390 2531 1492 2607 potest

380 2650 422 2691 ex
448 2630 510 2691 eod.
533 2631 573 2708 Γ,
597 2629 647 2710 qui
675 2626 798 2690 exhibet
825 2615 1015 2712 εὐφράνοιμι
1045 2629 1099 2689 ned
1130 2648 1164 2690 αι
1192 2629 1396 2710 superscripto
1415 2619 1443 2691 i.
1465 2651 1490 2691 e.

382 2721 584 2818 εὖφράναιμι.

468 2855 497 2896 v.
520 2840 583 2898 493
606 2823 696 2919 εὐνῆς
718 2853 754 2895 τε
776 2835 834 2917 τῆς
856 2833 930 2918 σῆς,
953 2819 974 2917 ᾖ
996 2823 1216 2918 σννῃλλάχθῃς
1236 2825 1310 2914 ἐμοὶ
1332 2825 1397 2897 xvi.
1441 2834 1491 2898 Sic

381 2942 465 3002 reete
486 2941 517 3001 Γ
537 2958 592 3020 pre
614 2939 690 3001 falsa
710 2936 838 2998 lectione
866 2936 976 2998 endieis
995 2938 1035 2998 A
1057 2932 1260 3022 συναλλάχθῃ
1286 2938 1352 3018 vel,
1381 2940 1417 3001 ut
1440 2939 1490 3000 ulii

381 3044 505 3138 legunt,
528 3035 759 3124 συναλλάχθῃς.
1405 3063 1410 3074 ’

469 3165 498 3205 v.
521 3147 584 3208 597
610 3132 636 3205 ὦ
663 3133 949 3221 κλεινάΣαλαμίς,
979 3137 1019 3204 σύ
1041 3134 1100 3221 μέν
1122 3161 1188 3204 που
1209 3177 1252 3188 -
1273 3138 1397 3221 κλαίεις
1417 3129 1516 3220 άλίὲ,

383 3244 528 3322 πλακτος
556 3235 714 3326 εὐδαίμων
742 3233 805 3305 uei.
840 3235 1040 3317 άλίπλακτος
1069 3262 1109 3304 ex
1129 3243 1208 3305 Flor.
1229 3248 1260 3307 Γ
1280 3249 1491 3329 nonnullisque

382 3349 448 3410 aliis
471 3352 638 3410 eorrectum
658 3351 706 3410 est
726 3366 781 3428 pre
803 3346 913 3408 eodieis
935 3347 974 3407 A
995 3345 1124 3408 lectione
1142 3341 1368 3431 άλίπλαγκνος.

469 3471 498 3512 v.
512 3455 581 3517 Ι691
605 3445 668 3532 ἐγώ
691 3445 725 3511 δ’
747 3439 765 3512 ὁ
785 3439 914 3528 τλάμων
938 3483 982 3494 -
1002 3437 1100 3513 'Ituna
1119 3443 1244 3530 μίμνων
1267 3455 1401 3532 χειμῶνι
1420 3447 1490 3538 πόᾳ

382 3573 418 3615 τε
439 3553 606 3636 μηνῶν-
628 3540 766 3632 εάνῶμαι
788 3542 851 3613 uvi.
889 3551 940 3613 Sic
960 3551 1125 3632 nBergkio
1144 3553 1193 3614 hie
1215 3556 1393 3617 conieetun's
1407 3555 1490 3618 varie

382 3657 517 3718 tentatus
541 3656 633 3720 ¹leone
664 3674 753 3735 quam
778 3654 910 3715 maxime
936 3655 1129 3734 probabiliter
1160 3658 1320 3722 restitutus
1349 3662 1413 3737 est,
1451 3660 1521 3722 ad¹

383 3777 474 3838 quem
494 3759 537 3820 ite
557 3760 746 3821 retinendum
774 3777 834 3819 non
861 3757 1016 3818 minimum
1041 3757 1113 3819 mibi
1131 3759 1238 3820 efferre
1257 3763 1380 3825 ridetur
1400 3763 1490 3825 lectio

382 3862 414 3922 in
440 3862 502 3924 eod.
525 3865 557 3923 Γ
586 3864 708 3923 servata
734 3853 805 3944 πόφ
832 3877 887 3941 pro
911 3851 1009 3921 ποίαν
1016 3908 1025 3938 ,
1055 3862 1135 3941 quod
1160 3863 1224 3925 sere
1252 3865 1345 3929 ceteri
1372 3866 1491 3926 eodieee

383 3966 547 4026 seeundum
568 3965 804 4027 Laurentianum
824 3963 864 4023 A
886 3963 1039 4042 praebent.

468 4087 498 4128 v.
522 4071 582 4128 621
602 4064 644 4130 τὰ
666 4062 745 4149 πρὶν
766 4063 801 4128 δ’
820 4057 1068 4150 ἔργα-ἄφιλα
1087 4061 1170 4152 παρ’
1191 4061 1378 4154 άφίλοις-
1391 4065 1491 4136 ἔπεσ’

382 4162 482 4232 ἔπεσε
503 4164 630 4248 μελέοις
646 4158 835 4254 Ἀτρείδαις.
873 4166 924 4229 Sic
944 4173 1027 4231 reete
1040 4169 1120 4233 Flor.
1134 4173 1165 4233 Γ
1188 4191 1242 4252 pre
1255 4173 1383 4235 leetione
1398 4173 1489 4235 Lnur.

382 4275 423 4336 A
444 4265 569 4337 ἔπεσεν.
668 4349 674 4364 ‚
1165 4283 1168 4286 ’

467 4395 495 4438 v.
518 4378 580 4436 667
606 4407 648 4417 -
674 4367 919 4457 μαθησόμεσθα
939 4371 976 4436 δ’
993 4362 1164 4458 Ἀτρείδας
1185 4369 1298 4458 σέβειν.
1339 4376 1489 4441 SieFlor.

380 4483 411 4542 Γ
417 4503 427 4556 ‚·
446 4478 525 4541 mule
548 4478 762 4560 scriptumest
783 4476 814 4537 in
835 4475 926 4537 Innr.
945 4475 987 4538 A
1017 4467 1179 4558 Ἀτρείδα.
