3584 5292
251 1563 330 1676 ,De
351 1617 487 1679 codicum
509 1615 663 1698 Sophoclis
686 1618 866 1680 auctoritate
887 1622 920 1680 et
944 1619 1123 1699 cognatione
1144 1617 1267 1679 tametsi
1287 1616 1382 1678 critici

224 1705 228 1714 ’
267 1717 355 1780 huius
383 1720 493 1782 aetatis
519 1719 718 1796 laudatissimi
744 1700 907 1800 diligenter
928 1723 1158 1803 quaesiverunt,
1175 1720 1304 1782 multum
1336 1724 1381 1781 ta-

266 1839 335 1882 men
356 1822 444 1882 abest
464 1823 500 1882 ut
521 1825 695 1904 susceptum
718 1823 851 1884 laborem
872 1825 1061 1904 profligarint
1083 1825 1137 1885 aut
1164 1843 1284 1885 omnem
1306 1843 1379 1884 exs-

266 1925 376 1987 morint
397 1925 621 1988 dubitationem.
673 1925 737 1987 Nos
758 1926 852 2005 igitur
873 1945 943 1988 cum
970 1932 1002 1989 et
1028 1945 1154 2006 magnas
1175 1925 1380 1986 dissensiones

266 2046 427 2108 superesse
455 2027 629 2089 videremus
661 2029 694 2088 et
718 2028 947 2090 fundamentum
979 2031 1073 2091 totius
1103 2027 1320 2089 emendationis
1347 2028 1380 2088 in

265 2131 416 2192 codicibus
438 2130 632 2211 probabiliter
653 2131 821 2194 aestimatis
843 2133 962 2192 constet
982 2151 1051 2193 esse
1073 2130 1220 2212 positum:
1250 2129 1378 2190 eandem

264 2233 472 2311 quaestionem
490 2253 546 2314 pro
566 2234 681 2295 viribus
703 2233 814 2294 iterare
835 2235 964 2315 placuit,
992 2253 1030 2296 ea
1058 2234 1248 2316 potissimum
1267 2235 1379 2309 mente,
1407 2245 1412 2254 ‘

265 2338 301 2397 ut
332 2355 409 2417 quae
437 2335 588 2416 primariis
618 2336 770 2398 codicibus
793 2337 926 2398 rationes
956 2342 988 2399 et
1015 2337 1256 2399 necessitudines
1286 2337 1378 2397 inter-

265 2439 408 2500 cederent
427 2440 598 2501 accuratius
621 2439 884 2518 investigaremus.

255 2581 258 2588 -
368 2541 531 2624 Postquam
563 2543 643 2604 enim
676 2543 768 2603 libros
799 2541 889 2624 Soph,
918 2539 1197 2622 praestantissimos
1227 2559 1296 2601 cum
1325 2540 1377 2602 alii

263 2642 321 2703 viri
351 2643 516 2707 doctissimi
543 2647 608 2707 tum
638 2643 770 2708 Oobetus
795 2649 827 2707 et
854 2643 1035 2704 Duebnerns
1053 2660 1200 2704 summam
1229 2662 1285 2724 per
1311 2644 1376 2705 dili-

264 2743 398 2822 gentiam
418 2750 634 2827 excusserunt,
663 2749 783 2811 criticos
814 2747 846 2809 in
867 2748 1005 2809 diversas
1027 2746 1195 2807 sententias
1222 2746 1304 2807 abire
1326 2766 1374 2809 co-

263 2847 433 2926 gnovimus.
490 2851 628 2923 Quorum
664 2851 715 2912 alii
745 2851 868 2932 reliquis
897 2849 1050 2912 codicibus
1078 2845 1315 2910 Iiaurentianum
1343 2848 1375 2910 A

260 2950 338 3030 plut.
359 2950 507 3029 XXXII,
535 2959 553 3016 9
589 2954 632 3014 sic
662 2953 856 3034 praeierunt,
886 2955 922 3013 ut
942 2971 1012 3012 eum
1033 2970 1128 3039 unum
1147 2952 1374 3013 adorationem

159 3064 162 3083 '
263 3056 504 3116 constituendam
531 3057 709 3133 adhibeant,
739 3055 790 3116 alii
811 3055 1050 3116 Laurentianum
1076 3072 1137 3113 non
1163 3052 1259 3132 plmis
1283 3054 1375 3113 aesti-

159 3202 160 3215 ,
262 3158 347 3217 mant
365 3175 456 3237 quam
477 3158 646 3221 Parisinum
667 3161 765 3238 illum,
793 3159 845 3238 qui
865 3160 968 3219 littera
986 3155 1017 3217 A
1038 3156 1184 3235 signatur.
1229 3153 1373 3217 Codicum

158 3332 160 3347 ³
262 3263 365 3320 autem
386 3279 504 3338 eorum,
533 3283 608 3342 quos
630 3262 944 3336 commemoravimus,
966 3259 1155 3336 collationes,
1177 3257 1375 3321 Laurentiani

262 3380 282 3422 a
302 3361 334 3423 P.
355 3362 514 3442 Elmsleio‚
537 3365 664 3427 Parisini
687 3385 705 3427 a
729 3363 881 3426 Brunckio
912 3365 1010 3424 factae
1031 3360 1231 3442 perlongum
1252 3365 1372 3444 tempus

263 3465 301 3526 ad
326 3464 480 3548 Sophoclis
502 3469 740 3529 emendationem
761 3470 937 3542 valuerunt,
959 3466 1054 3526 donec
1074 3467 1181 3526 nostra
1205 3467 1306 3527 aetate
1328 3466 1371 3526 di-

261 3586 383 3630 versam
402 3569 469 3632 iniit
489 3573 636 3632 rationein
656 3570 798 3634 Cotetus.
850 3569 912 3640 Qui
935 3589 1027 3649 quum
1053 3587 1095 3628 ex
1115 3569 1172 3630 hoc
1191 3569 1294 3631 codiee
1313 3570 1372 3632 sibi

261 3673 465 3751 persuasisset
487 3674 631 3760 quidquid
654 3674 764 3756 ubique
785 3672 1057 3752 manuscriptorum
1078 3670 1273 3748 inveniretur,
1302 3691 1371 3752 pro·

261 3771 373 3834 fectum
401 3795 485 3853 esse,
516 3779 697 3858 reliquorum
728 3778 893 3858 scripturas
923 3775 1022 3836 eidem
1050 3774 1273 3854 posthabendas
1301 3794 1371 3835 esse

262 3879 368 3937 censet
394 3879 427 3938 in
448 3879 549 3942 libello
571 3881 609 3941 de
632 3885 698 3942 arte
719 3881 873 3960 interpret.
918 3877 1018 3956 Lugd
1039 3875 1106 3936 But
1127 3894 1152 3936 a
1173 3879 1257 3937 1847
1279 3879 1369 3941 edito.

262 3977 363 4049 Quam
383 3981 564 4044 sententiam
586 4001 654 4043 sese
674 3987 794 4044 secutos
817 4001 886 4042 esse
900 3978 1145 4041 Schneidewinus
1168 3981 1200 4039 et
1213 3979 1371 4044 Nauckius

259 4083 390 4164 professi
423 4089 503 4163 sunt,
538 4105 664 4166 quorum
696 4089 824 4164 uterque
858 4085 932 4145 nihil
964 4083 1046 4144 aliud
1078 4081 1139 4142 iam
1175 4081 1215 4143 ad
1249 4087 1371 4163 poetam

260 4185 481 4248 emendandum
501 4188 668 4249 desiderari
688 4188 848 4265 iudicavit,
876 4188 935 4248 nisi
961 4189 997 4246 ut
1017 4183 1154 4249 omnibus
1174 4182 1262 4261 locis,
1292 4203 1370 4264 quae

259 4295 335 4350 vera
348 4307 383 4350 ac
402 4309 547 4368 germane
565 4291 734 4367 litterarum
756 4291 844 4371 signa
864 4290 894 4351 in
915 4291 965 4352 illo
980 4288 1045 4351 cod
1064 4289 1231 4363 exstarent,
1249 4292 1370 4348 accura·

258 4391 376 4452 tissime
401 4394 619 4475 exploraretur.
667 4393 781 4456 Iisdem
803 4393 969 4455 rationibus
990 4390 1139 4452 adductus
1159 4387 1210 4450 Fr.
1231 4389 1370 4448 Duebne-

259 4509 313 4552 rus
337 4490 369 4552 in
395 4489 538 4558 Guilelmi
564 4495 711 4559 Dindoriii
739 4517 830 4560 usum
854 4497 965 4560 iterum
991 4491 1372 4652 sumptuosarum
