3584 5292
360 555 402 624 14
812 561 914 620 0·c
1029 616 1031 619 .

359 754 422 812 tam
441 747 649 832 pertinaciter,
671 750 706 808 ut
725 747 768 808 ita
788 746 901 822 dicam,
924 747 1167 827 perseverasset3
1186 765 1205 806 a
1226 744 1377 807 nonnullis
1399 764 1467 806 eon·

360 853 483 914 iecturis
501 853 632 913 maxime
655 851 888 932 supervacaneis
910 849 944 910 se
966 849 1169 910 abstinuisset.
1218 847 1324 912 Veluti
1344 867 1375 909 v.
1396 851 1467 911 128.

290 971 292 980 ’
359 975 463 1016 omnes
487 956 551 1016 fere
571 950 701 1017 editores
723 954 883 1016 lectionem
904 952 1031 1014 Parisini
1051 945 1166 1014 ε’σιδάν
1186 972 1241 1033 pro
1264 971 1316 1028 ea,
1338 970 1416 1031 quae
1437 951 1468 1011 in

359 1058 561 1120 Laurentiano
580 1057 748 1132 invenitur,
780 1049 905 1130 εἰςιδάν
924 1055 1015 1116 metri
1034 1074 1126 1116 causa
1145 1056 1327 1137 improbata,
1351 1074 1467 1117 summo

358 1163 423 1224 iure
440 1161 472 1221 in
491 1162 580 1222 textu
601 1161 838 1236 collocaverunt,
869 1178 961 1240 quum
981 1158 1138 1220 Nauokius
1161 1179 1216 1240 pro
1239 1152 1367 1222 εἰσιδών
1390 1158 1468 1220 coni-

360 1285 428 1326 cere
455 1263 595 1326 maluerit
623 1256 752 1327 εἰκεδάν.
812 1261 870 1325 Oui
896 1261 1030 1344 profecto
1063 1262 1263 1324 emendationi
1290 1281 1378 1324 neruo
1408 1261 1470 1322 iam

360 1367 542 1446 assentitur,
566 1367 615 1429 cni
640 1367 699 1428 duo
727 1367 771 1428 illi
799 1363 857 1426 loci
886 1384 927 1425 ex
956 1363 1031 1426 Oed.
1059 1363 1122 1428 001.
1151 1365 1253 1427 fabula
1279 1364 1312 1426 in
1338 1369 1469 1426 mentem

312 1511 323 1520 -
358 1471 500 1548 veniunt,
531 1470 731 1531 ubiverbum
752 1461 878 1549 εἷςορᾶν
900 1468 932 1529 in
953 1469 1079 1529 eandem
1111 1469 1293 1531 sententiam
1321 1469 1469 1563 (aliquem

359 1575 435 1636 irato
459 1573 556 1634 animo
579 1564 691 1636 intueri
712 1571 876 1634 ulciscendi
897 1563 1004 1633 causa'
1034 1574 1212 1652 usurpatum
1238 1572 1389 1650 atque'de
1411 1570 1468 1631 dec

360 1676 473 1738 dictum
493 1677 608 1738 exstat:

404 1842 528 1901 claro
559 1829 672 1922 τοίγαρ
696 1835 725 1906 ε’
748 1831 766 1900 ὁ
792 1830 917 1917 δαίμων
937 1830 1045 1922 εἶςορᾷ
1067 1833 1125 1917 μὲν
1144 1830 1179 1900 ot
1206 1829 1240 1899 ci
1268 1859 1324 1899 πω

554 1932 601 2016 ὡς
621 1932 731 2019 atain,
763 1931 857 2024 εἴπερ
879 1938 950 2003 οἵδε
978 1945 1136 2003 κινοῦνται
1164 1934 1253 2019 λάχοι

556 2039 642 2128 πρὸς
670 2035 750 2106 άστο
776 2035 884 2129 Θήβης
908 2035 974 2106 uri.

360 2157 392 2212 et

403 2256 535 2316 clato.
557 2243 635 2312 θεοὶ
656 2243 716 2330 γάρ
744 2235 779 2308 εδ
801 2241 876 2325 μέν,
907 2239 974 2329 ὀψὲ
1000 2245 1028 2309 δ’
1045 2240 1200 2330 εἰςορῶά,
1230 2238 1306 2308 ὅταν

558 2347 599 2413 τὰ
621 2343 690 2413 θεῖ’
710 2338 805 2434 άφείς
823 2368 874 2424 τις
896 2343 931 2423 ἐς
951 2343 989 2411 τὸ
1008 2342 1190 2430 μαίνεσθαι
1210 2351 1329 2432 τροπῇ.
1449 2354 1451 2357 ’

461 2519 504 2580 Et
533 2517 565 2578 in
596 2516 643 2578 his
673 2516 746 2578 locis
776 2515 869 2576 libros
900 2513 989 2577 Mas,
1016 2534 1077 2576 nou
1110 2514 1290 2576 fluctuantes
1321 2515 1469 2576 videmus.

361 2624 469 2702 Neque
497 2621 596 2700 magis
625 2621 814 2683 coniecturae
843 2620 928 2680 locus
953 2620 1026 2682 mihi
1054 2637 1124 2679 esse
1152 2618 1273 2679 ridetur
1295 2617 1469 2697 Antigonae

361 2749 390 2788 v.
412 2731 489 2804 386,
511 2725 563 2786 ubi
583 2723 695 2802 legitur
716 2723 844 2784 Parisini
866 2722 995 2782 lectione
1017 2724 1155 2802 accepta:

550 2850 598 2922 ὅδ’
620 2851 655 2918 ἐκ
677 2851 784 2936 δόμων
806 2847 955 2941 άψορρος
974 2848 1021 2930 εἷς
1044 2848 1117 2918 δέον
1138 2855 1233 2956 περᾷ.

461 3007 618 3070 Nauckius
639 3007 758 3089 quidem
777 3009 855 3070 hauc
882 3008 1041 3069 lectionem
1069 3026 1217 3088 respuens
1239 3006 1385 3086 scriptum
1406 3025 1468 3066 ma·

361 3110 428 3172 vult
451 3132 505 3192 pro
528 3105 574 3186 εἰς
594 3107 682 3174 δέονε
712 3103 759 3184 εἰς
779 3104 901 3192 καιρόν,
927 3129 1016 3191 quarn
1037 3110 1252 3172 correctionem
1274 3109 1469 3189 sequentibus

360 3215 435 3276 iliis:
465 3208 548 3301 ποίᾳ
578 3207 757 3296 ξύμμετρος
780 3207 924 3296 προῦβην
946 3208 1041 3297 τύχῃ,
1070 3214 1202 3274 maxims
1229 3212 1376 3293 postulari
1400 3231 1469 3274 eon-

361 3318 465 3380 tendit.
510 3318 561 3379 An
583 3339 643 3380 non
665 3320 709 3393 is,
738 3317 788 3396 qui
816 3309 863 3389 εἷς
885 3310 958 3378 δέον
984 3315 1069 3377 domo
1090 3317 1206 3394 evadit,
1237 3317 1327 3377 etiam
1349 3310 1468 3395 ξύμμε-

361 3441 437 3504 τρος
464 3415 541 3507 τύχῃ
571 3417 634 3482 τινὶ
662 3419 808 3481 accurrit?
852 3420 962 3501 Itaque
993 3440 1033 3481 ne
1065 3421 1118 3482 illa
1150 3421 1270 3502 quidem
1298 3419 1470 3481 coniectura

362 3524 533 3586 necessaria
561 3524 633 3586 mihi
662 3523 789 3584 videtur.
841 3527 943 3604 Atque
970 3525 1028 3586 alio
1055 3525 1120 3586 loco
1148 3545 1177 3585 v.
1202 3506 1285 3587 1037
1314 3524 1395 3586 idem
1420 3524 1470 3585 vir

362 3627 468 3691 doctus
495 3647 550 3708 pro
581 3628 705 3706 vulgata
741 3626 869 3690 lectione
902 3623 957 3690 τὸν
992 3623 1077 3710 πρὸς
1112 3623 1263 3711 Σάρδεων
1297 3619 1469 3710 (ἤλεκτρον)

363 3732 494 3794 scribere
516 3732 597 3793 ruit:
626 3723 716 3792 τάιιό
736 3725 892 3812 Σάρδεων.
941 3729 980 3817 In
1008 3731 1109 3792 codice
1136 3729 1339 3792 Laurentiano
1366 3732 1471 3792 exstat

361 3854 403 3896 ro
427 3829 644 3920 προσάρδεων,
668 3833 722 3896 sed
742 3851 761 3894 a
781 3851 872 3894 manu
889 3835 994 3915 prima,
1016 3833 1065 3894 cui
1086 3833 1260 3910 aNauckio,
1283 3833 1309 3894 si
1330 3837 1414 3894 recte
1435 3852 1472 3896 ac

363 3937 479 3998 sincere
501 3937 696 4020 Cobetiananr
721 3938 821 4016 legem
849 3940 1041 4016 sequeretur,
1069 3939 1202 4000 maxima
1228 3936 1305 3998 fides
1332 3937 1471 4000 habenda

363 4041 433 4116 fuit,
455 4059 546 4120 super
565 4062 605 4102 uu
628 4042 841 4122 scriptumest
862 4035 898 4102 δν
919 4040 938 4100 i.
960 4060 986 4102 e.
1007 4035 1069 4103 τὸν.
1119 4039 1227 4121 Itaque
1248 4057 1308 4099 una
1326 4039 1429 4100 littera
1448 4058 1470 4101 ο

363 4143 466 4204 addita
497 4143 540 4204 sic
567 4146 713 4204 mutatum
738 4137 791 4204 τὸν
820 4138 905 4226 πρὸς
927 4139 1092 4229 Σάρδεων,
1124 4144 1203 4224 quod
1230 4142 1351 4223 quidem
1379 4142 1471 4204 etiam

363 4245 465 4307 codice
498 4243 633 4306 Parisino
672 4245 877 4322 confirmatur,
914 4247 1010 4309 multo
1045 4246 1110 4307 veri
1139 4245 1266 4306 similius
1299 4252 1349 4306 est
1380 4264 1470 4326 quam

275 4380 285 4398 ν
363 4347 572 4414 Nanekianum
592 4348 667 4410 iliud
695 4341 784 4412 τάκιὸ
806 4342 963 4430 Σάρδεων.
1012 4345 1105 4408 Porro
1127 4367 1155 4407 v.
1180 4350 1282 4410 1098:
1301 4341 1471 4429 εὐβουλίας

363 4447 429 4530 δεῖ,
453 4451 518 4513 παῖ
537 4443 737 4529 Μενοικέως,
759 4448 881 4528 λακεῖν,
906 4452 943 4510 ut
963 4450 1088 4511 exhibet
1105 4449 1327 4512 Laurentianus
1347 4449 1392 4525 A,
1412 4446 1471 4512 λα-
