3584 5292
383 542 407 608 6
785 525 894 619 -to

386 731 595 793 auctoritatem
614 730 733 792 habent.
786 725 913 788 Constat
935 727 1014 788 enim
1037 728 1104 788 11100
1123 728 1278 802 librarios,
1307 724 1494 806 Byzantinos

384 835 581 916 praesertim,
618 853 673 896 000
711 831 857 894 arbitratu
892 849 953 891 000
986 832 1185 912 archetypum
1219 830 1407 892 conserentes
1443 828 1496 887 001

389 938 480 999 alium
502 937 633 998 codicem
657 933 869 1016 inspicientes,
898 951 974 1013 quae
995 932 1073 995 falsa
1101 952 1137 994 00
1159 935 1300 1014 00110010
1322 949 1390 992 0000
1412 929 1494 989 vide-

388 1041 503 1115 rentur,
522 1039 567 1100 110
589 1041 799 1114 commutasse,
822 1040 858 1098 01
877 1036 977 1098 omnia
996 1038 1085 1100 modo
1103 1036 1187 1098 falsis
1211 1037 1299 1098 modo
1321 1032 1404 1095 veris
1426 1051 1496 1093 000-

388 1142 512 1205 iecturis
532 1146 693 1204 tentarent.
745 1141 796 1203 Ex
818 1139 926 1219 quibus
949 1159 1029 1200 unus
1054 1139 1207 1221 propriam
1228 1139 1285 1200 sibi
1304 1137 1498 1219 ‘provinciam

389 1224 661 1326 circumscripsisse
690 1244 826 1318 videtur,
857 1225 908 1324 qui
936 1240 1111 1323 plerumque
1140 1246 1194 1304 aut
1222 1244 1363 1304 accentus
1389 1240 1500 1302 adiecit

389 1351 442 1409 aut
465 1347 557 1408 falsos
584 1347 616 1408 in
637 1347 771 1409 ordinem
797 1343 918 1422 redegit
942 1347 995 1405 aut
1024 1346 1118 1407 verba
1139 1365 1284 1426 perverse
1308 1343 1501 1405 cohaerentia

392 1449 553 1530 separavit.
596 1447 639 1510 Ut

434 1650 462 1691 u.
485 1634 546 1691 182
574 1620 697 1710 μείζον’.
719 1622 827 1707 μεῖζον
847 1647 891 1708 pr.
913 1625 1139 1707 Apostrophum
1161 1627 1276 1689 addidit
1297 1647 1357 1689 rec.
1379 1647 1417 1688 m

433 1753 462 1794 v.
486 1737 548 1795 229
578 1724 684 1812 μένεις
706 1718 756 1791 αὖ.
779 1721 1209 1812 praetemptandum
1230 1750 1289 1792 rec.
1310 1751 1349 1793 m.

433 1857 462 1896 v.
488 1839 549 1898 359
580 1826 799 1916 noridao'ro
819 1833 896 1912 (sic).
942 1831 1062 1894 Tertius
1082 1836 1225 1896 00000100
1246 1853 1266 1894 0
1287 1853 1325 1894 m.
1349 1852 1406 1893 rec.

435 2017 463 2057 v.
486 2000 558 2059 429.
589 1989 706 2082 διψίαν
727 1990 829 2081 φέρει.
850 1950 954 2080 dccccii
982 1992 1118 2082 ἐκφέρει.
1143 2001 1270 2060 accentu
1301 1998 1388 2076 graui
1410 2016 1503 2076 super

587 2122 609 2161 α
628 2120 647 2161 0
666 2119 758 2162 manu
782 2101 948 2161 recentiore
969 2101 1071 2162 addito
1093 2105 1125 2163 et
1146 2120 1234 2163 eraso
1256 2123 1268 2163 ι
1291 2120 1384 2182 00001
1404 2122 1428 2161 ν.

496 2278 607 2338 Restat
628 2280 730 2338 autem
751 2297 812 2337 una
833 2296 941 2339 manus
962 2279 994 2340 in
1013 2278 1188 2362 Sophocleis
1209 2279 1318 2340 fabulis
1342 2278 1501 2340 emendan-

394 2377 441 2438 dis
462 2378 513 2439 vel
533 2380 664 2440 maxime
686 2383 838 2461 00000010,
859 2400 937 2461 quae
952 2381 1129 2462 dignissima
1146 2386 1203 2456 est,
1224 2400 1404 2463 quaequam
1418 2400 1503 2442 accu-

394 2479 544 2541 ratissime
573 2488 779 2564 cognoscatur.
830 2484 879 2544 Ab
902 2486 1007 2546 eadem
1028 2485 1108 2546 enim
1130 2503 1191 2545 000
1211 2504 1272 2546 000
1297 2488 1394 2548 solum
1417 2486 1500 2545 scho-

395 2582 436 2643 lia
463 2583 496 2644 in
521 2585 653 2647 codicem
679 2587 861 2668 transcripta
888 2590 975 2663 sunt,
1015 2588 1186 2650 sedetiam
1211 2589 1353 2668 grauiora
1379 2591 1505 2668 peccata

397 2689 531 2750 correcta
551 2692 642 2770 atque
669 2691 744 2754 adeo
767 2689 916 2772 quaedam
943 2711 1011 2751 curn
1039 2692 1204 2754 admirabili
1232 2693 1346 2773 ingenii
1369 2691 1505 2753 acumine

396 2793 514 2851 novata
557 2792 730 2856 Dindorfius
753 2813 818 2854 cam
837 2793 1006 2854 diorthotae
1028 2795 1169 2871 nominat,
1190 2794 1347 2858 Gustatus
1365 2795 1505 2857 Wolffius

397 2893 428 2955 in
452 2914 532 2956 nova
552 2895 748 2958 Laurentiani
765 2896 932 2972 collatione,
954 2917 1042 2978 quam
1063 2899 1101 2960 ad
1125 2897 1231 2980 Oedip.
1246 2899 1367 2979 Regem
1382 2899 1414 2961 in
1437 2918 1505 2960 nov.

397 2997 494 3060 Rhen.
515 2997 595 3060 Mus.
619 3000 676 3062 vol
695 2999 745 3062 IX
767 3000 876 3074 edidit,
896 3004 1057 3062 recentem.
1108 3002 1199 3072 Quod
1218 3003 1276 3064 etsi
1297 3004 1345 3065 hio
1365 3004 1403 3065 ab
1425 2987 1506 3064 illiu's

398 3103 455 3162 viri
478 3103 644 3179 sententia,
675 3104 726 3182 qui
750 3104 856 3164 eodem
877 3105 1034 3165 undecimo
1057 3106 1193 3180 saeculo,
1221 3125 1279 3185 quo
1301 3107 1398 3167 codex
1417 3105 1507 3166 Laur.

401 3225 442 3266 ex
470 3207 634 3288 archetypo
659 3207 859 3288 transcriptus
893 3207 947 3282 sit,
980 3208 1071 3268 etiam
1096 3208 1147 3268 illa
1174 3227 1193 3268 a
1222 3209 1389 3272 diorthotae
1416 3227 1508 3268 manu

401 3308 544 3370 adnotata
566 3328 634 3370 0000
656 3313 777 3386 000001,
801 3310 962 3370 abhorrere
984 3309 1121 3386 videtur,
1143 3315 1245 3372 tamen
1265 3311 1404 3391 equidem
1431 3312 1509 3373 hauc

401 3411 609 3492 quaestionem
637 3431 697 3472 non
722 3412 798 3473 tanti
829 3413 972 3474 momenti
1001 3433 1071 3474 0000
1098 3415 1254 3492 existimo,
1287 3418 1323 3476 ut
1350 3414 1442 3475 etiam
1469 3413 1509 3474 ad

401 3515 544 3576 iudicium
572 3516 609 3577 de
636 3518 745 3576 natura
773 3520 863 3596 atque
889 3515 990 3576 indole
1021 3517 1087 3578 eius
1115 3518 1285 3580 faciendum
1313 3519 1509 3579 uehementer

401 3619 559 3701 pertineat.
608 3617 674 3681 Iam
697 3639 769 3681 vero
795 3621 833 3680 de
854 3617 944 3678 huius
967 3619 1063 3700 100100
1087 3640 1194 3682 manus
1218 3620 1408 3696 condicione,
1432 3637 1509 3700 quac

401 3721 624 3784 memorabilem
653 3721 734 3782 illam
765 3740 886 3801 operam
916 3739 977 3781 non
1002 3723 1100 3784 solum
1127 3724 1159 3785 in
1187 3725 1324 3786 omnibus
1344 3721 1510 3804 ‘Sophoclis

401 3827 520 3902 fabulis,
548 3824 601 3885 sed
627 3823 717 3885 etiam
746 3823 778 3884 10
801 3822 980 3904 Aeschyleis
1010 3826 1178 3906 praestitit,
1207 3826 1373 3889 sententias
1397 3825 1510 3887 01110-

403 3929 496 3990 dorfio
519 3930 550 3989 01
571 3925 706 3990 Nauckio
729 3927 900 4008 nuperrime
925 3928 1059 4007 prolatas
1080 3931 1211 3991 maxime
1233 3933 1313 3994 inter
1341 3948 1375 3990 00
1396 3928 1511 3991 distare

402 4025 547 4093 videmus.
605 4033 647 4094 Et
673 4030 845 4094 Dindorfius
875 4030 995 4110 quidem
1028 4031 1173 4094 iudicavit
1202 4027 1384 4116 διορθωτὴν
1418 4033 1511 4108 illum,

404 4155 494 4217 quem
518 4138 614 4213 vocat,
636 4136 803 4196 accuratius
827 4135 991 4217 archetypo
1015 4137 1152 4218 inspecto
1172 4137 1268 4198 multa
1287 4136 1410 4215 menda,
1433 4155 1511 4216 quae

403 4239 500 4320 prima
526 4255 633 4299 manus
666 4237 878 4315 commisisset,
912 4240 1073 4301 sustulisse
1101 4259 1138 4302 ac
1166 4239 1260 4301 multo
1290 4240 1395 4321 plures
1430 4241 1512 4302 10000

404 4342 598 4420 coniecturis,
632 4359 707 4422 quas
729 4343 830 4403 utrum
852 4341 918 4423 ipsc
938 4341 1125 4421 periclitatus
1146 4361 1185 4402 an
1206 4342 1244 4403 ab
1267 4343 1334 4404 aliis
1355 4344 1511 4404 mutuatus

404 4447 445 4507 sit
465 4447 610 4510 incertum
632 4447 679 4522 sit,
702 4433 886 4506 einendasse.
931 4443 1065 4504 Maximo
1081 4443 1161 4506 enim
1172 4445 1352 4508 documento
1375 4446 1413 4508 ad
1435 4447 1512 4507 hano
