3584 5292
372 800 375 808 ’
425 789 508 854 Satis
528 789 642 854 dictum
663 789 792 855 obruor
815 789 853 852 de
872 787 957 851 libris
970 786 1352 874 Mss.,qoi1ouidsm‘nen
1372 789 1426 852 nti·

321 913 380 956 nus
402 892 489 972 digni
523 891 650 974 putandi
680 891 741 956 siut
773 893 810 954 ut
839 889 1037 971 inspiciantur
1065 901 1155 970 quam
1168 924 1171 931 ,
1186 890 1345 976 primarius
1376 892 1428 955 ille

318 995 544 1058 'Laurentianus
565 995 613 1060 A.
665 993 717 1056 Ex
746 993 855 1062 ostede
883 996 987 1057 autem
1005 992 1100 1061 libus.
1113 991 1204 1070 Mem
1219 993 1282 1073 ·qui
1309 996 1430 1077 quidem

310 1098 387 1162 ,noti
408 1101 494 1176 silut,
523 1098 627 1162 nullus
648 1100 767 1160 tamtum
785 1098 930 1163 momenti
950 1095 1128 1161 athomos
1149 1096 1353 1162 emendandas
1372 1101 1429 1162 aut

320 1200 364 1264 ad
387 1189 532 1264 lectiones
551 1203 683 1266 maxime
700 1202 817 1266 ‘dubias
829 1197 1044 1268 ,stabiliendas
1055 1196 1163 1262 aliene
1185 1199 1317 1274 videtur,
1337 1221 1429 1281 qnan-

326 1303 391 1364 tum
412 1311 495 1364 unus'
514 1303 553 1365 do
576 1305 673 1367 tribus¹
697 1304 770 1378 illis,
782 1319 875 1383 supra
887 1313 890 1360 f
903 1301 1073 1368 mamea
1094 1301 1262 1382 descriptis.
1302 1301 1380 1374 Qno'
1395 1304 1431 1367 lit

325 1405 361 1466 ut
382 1403 585 1487 maximopere
606 1401 774 1472 carendum
795 1415 872 1466 csse
888 1404 1127 1480 autumemus
1144 1405 1166 1468 ii
1183 1404 1250 1482 loci,
1271 1405 1380 1486 quibus
1399 1408 1432 1470 in

325 1519 388 1568 una
407 1507 575 1589 eademque
594 1510 724 1576 lectione
746 1521 852 1575 omnes
870 1510 950 1585 hos,
978 1526 1054 1588 quos
1081 1523 1176 1588 supra
1195 1512 1434 1588 eommomomvi,

327 1608 410 1670 codd.
433 1612 621 1691 conspirant,
649 1613 736 1674 novis
762 1611 942 1674 conieotnris
962 1610 1013 1673 vol
1036 1611 1294 1678 emendationibus
1308 1615 1433 1679 ,tenten-

328 1715 387 1788 tur,
406 1716 460 1774 aut
480 1713 507 1774 si
527 1714 586 1776 duo
606 1715 650 1776 illi
671 1715 838 1776 Florentini
857 1713 1066 1788 consentiunt,
1086 1712 1315 1792 diligentissime
1338 1718 1432 1779 consi-

329 1815 433 1877 dorato
462 1835 537 1897 opus
567 1836 652 1892 esse,
679 1817 854 1897 priusquam
880 1815 1057 1895 corrigendo
1086 1815 1185 1876 locum
1212 1816 1433 1881 restituendum

330 1937 398 1978 esse
427 1938 607 1999 persuasum
632 1922 752 1982 habeas.
802 1917 908 1979 Veluti
934 1936 953 1979 a
977 1916 1146 1995 Diudorlio,
1177 1918 1213 1977 ut
1240 1918 1354 1998 aliquot
1382 1942 1434 1983 ex·

330 2024 429 2103 ampla
465 2021 602 2100 afferam,
636 2024 749 2084 frustra
784 2020 956 2083 coniectura
987 2019 1096 2081 tentati
1126 2018 1269 2082 videntur
1301 2022 1333 2084 hi
1362 2024 1434 2088 loci:

330 2123 404 2186 Phil.
425 2146 454 2186 v.
479 2130 528 2188 66.
557 2126 608 2188 ubi
636 2126 792 2206 vulgatam
825 2123 996 2185 lectionem:
1033 2115 1153 2183 τούτων
1184 2116 1244 2205 γὰρ
1275 2116 1368 2187 οὐδέν
1394 2121 1435 2209 μ’

331 2222 474 2310 ἀλγυνεῖς
498 2230 645 2290 mutatam
673 2226 724 2288 ille
753 2227 820 2287 vult
840 2225 871 2285 in
899 2219 1020 2287 τούτων
1039 2218 1099 2308 γὰρ
1122 2219 1215 2287 οὐδὲν
1237 2218 1360 2307 ἀλγυνῶ
1378 2223 1431 2311 μ’.·

334 2329 386 2390 cir.
409 2328 512 2391 Herm.
535 2333 574 2393 ad
588 2333 616 2393 h.
628 2331 647 2392 l.
669 2331 737 2391 ibid.
758 2351 787 2391 v.
809 2331 870 2388 167
894 2319 971 2390 οὐδέ
991 2320 1048 2391 τιν’
1072 2320 1160 2412 αὐτῷ
1173 2363 1216 2373 -
1229 2329 1358 2391 παιῶνα
1379 2352 1438 2394 κα-

332 2431 395 2494 κῶν
417 2425 591 2513 ἐπινωμᾶν.
642 2431 796 2494 Dindorfio
819 2431 979 2492 lectionem
1001 2432 1242 2513 apographorum
1269 2423 1359 2516 αὐτῷ
1382 2454 1437 2515 pro

333 2526 422 2618 αὐτῷ
443 2536 671 2617 praeferendam
693 2556 762 2597 esse
793 2536 938 2597 statuenti
961 2540 1044 2596 recte
1072 2533 1249 2615 opposueris
1270 2533 1437 2600 Linwoodii

334 2638 521 2699 sententiam.
546 2640 615 2701 ibid.
636 2661 665 2700 v.
689 2643 751 2702 196
777 2659 867 2720 quum
889 2639 929 2699 A
950 2641 982 2699 et
1001 2641 1032 2700 Γ
1053 2638 1086 2697 in
1106 2627 1234 2698 lectione
1256 2632 1349 2714 ὅπως
1370 2661 1438 2702 oon-

332 2744 461 2821 gruant,
491 2762 550 2803 non
578 2743 680 2805 dubito
705 2741 777 2819 quin
803 2741 886 2801 illam
916 2740 1061 2828 retineam
1081 2740 1207 2801 Porsoni
1230 2744 1438 2808 emendations

333 2835 386 2922 ὡς,
398 2863 488 2923 quam
502 2845 674 2907 Dindorfius
688 2843 905 2926 complectitur,
917 2843 1093 2924 improbata,
1108 2844 1355 2928 scribendumque
1369 2869 1439 2910 esse

334 2964 474 3008 censeam
492 2934 549 3009 οὐκ
573 2940 660 3010 ἔστιν
683 2942 774 3022 ὅπως
790 2935 826 3009 οὗ
845 2949 936 3009 θεῶν
956 2941 1071 3031 μελέτῃ
1090 2983 1125 2991 -
1144 2950 1201 3009 τοῦ
1218 2942 1262 3031 μὴ
1280 2945 1439 3032 πρότερον

335 3040 399 3110 aad.
435 3050 482 3110 Al
505 3069 533 3110 v.
558 3054 595 3111 61
630 3042 755 3112 κᾶπειτ’
778 3043 894 3134 ἐπειδὴ
923 3037 1012 3111 ochd'
1043 3039 1207 3132 ἐλώφησεν
1234 3041 1339 3137 πόνου
1369 3054 1440 3115 sori-

334 3161 420 3231 ptum
445 3153 513 3213 vult
533 3151 705 3214 Dindorfius
733 3173 788 3233 pro
809 3154 937 3216 lectione
966 3144 1086 3237 φόνου,
1116 3171 1205 3232 quam
1234 3154 1273 3214 ah
1294 3156 1335 3215 A
1357 3162 1390 3217 et
1409 3161 1442 3219 Γ

334 3255 477 3316 traditam
506 3256 645 3336 equidem
668 3257 799 3318 retinere
827 3256 991 3318 maluerim.
1032 3253 1102 3314 ibid.
1123 3275 1152 3314 v.
1177 3260 1239 3319 499
1268 3254 1320 3335 ξὺν
1343 3257 1440 3325 παιδὶ
1553 3335 1559 3343 ,

335 3359 382 3439 τῷ
406 3358 453 3441 σῷ
474 3351 602 3421 δουλίαν
625 3353 708 3435 ἕξειν
728 3350 859 3444 τροφήν.
903 3357 953 3419 Sic
976 3358 1013 3418 ab
1037 3359 1173 3419 omnibus
1193 3360 1257 3421 fere
1277 3363 1442 3426 editoribus

336 3479 446 3520 versus
473 3462 633 3522 restitutus
665 3465 713 3523 est
739 3461 904 3524 secundum
931 3461 1144 3523 correctionem
1179 3482 1286 3525 manus
1318 3467 1443 3528 alterius

337 3561 447 3624 codicis
469 3565 509 3625 A
531 3556 660 3626 δουλίαν
695 3585 749 3644 pro
771 3555 898 3626 δούλιον
926 3565 1104 3624 exhibentis.
1164 3565 1208 3626 At
1234 3588 1325 3648 quum
1353 3570 1444 3631 etiam

338 3666 401 3726 cod.
422 3668 460 3745 Γ,
488 3668 568 3747 quod
589 3668 697 3727 mirum
718 3667 773 3743 sit,
804 3687 872 3729 oum
893 3666 992 3749 prima
1011 3686 1103 3728 manu
1123 3668 1233 3728 codicis
1255 3671 1296 3730 A
1317 3664 1444 3732 δούλιον

338 3786 519 3849 versumque
542 3769 642 3849 ipsum
661 3770 846 3848 repetendo,
873 3790 931 3851 quo
953 3769 1043 3851 paulo
1064 3769 1208 3832 remotius
1227 3773 1308 3847 erat,
1336 3792 1444 3852 prono·

338 3868 418 3929 mine
440 3871 650 3951 corrigendum
667 3871 698 3932 in
725 3873 804 3933 hunc
825 3873 963 3934 modum:
991 3867 1043 3949 ξίν
1064 3869 1160 3934 παιδὶ
1185 3875 1233 3956 τῷ
1248 3876 1296 3956 σῷ
1318 3867 1445 3958 δούλιον
1533 3937 1537 3944 ,

338 3964 369 4051 μ’
393 3967 475 4049 ἕξειν
494 3965 625 4058 τροφήν.

441 4075 532 4138 Plura
551 4077 690 4158 exempla
714 4076 813 4139 afferri
834 4080 977 4158 possunt,
1007 4078 1116 4157 quibus
1138 4097 1227 4158 qnam
1248 4079 1405 4142 infeliciter
1426 4100 1445 4142 a

340 4177 492 4240 Dindorflo
515 4199 737 4260 nonnumquam
758 4180 811 4241 lex
831 4181 883 4242 illa
905 4199 998 4262 snpra
1023 4199 1042 4242 a
1062 4201 1111 4242 me
1132 4183 1287 4262 proposita
1306 4184 1446 4262 neglecta

341 4281 396 4358 sit,
423 4301 512 4363 quam
534 4285 653 4364 quidem
676 4284 707 4345 in
731 4287 838 4365 poetae
860 4283 969 4344 fabulis
991 4284 1185 4345 emendandis
1205 4284 1332 4367 primam
1353 4289 1445 4364 abque

340 4384 534 4466 principalem
555 4405 623 4446 esse
641 4407 720 4449 nuno
738 4406 825 4448 nemo
847 4388 895 4446 est
917 4387 989 4466 quin
1005 4407 1182 4468 persuasum
1201 4389 1313 4448 hebere
1326 4388 1445 4464 debeat,

341 4487 547 4550 demonstrare
568 4490 687 4570 possim.
731 4489 867 4552 Alteram
889 4510 962 4550 vcro
984 4489 1099 4569 legem,
1130 4510 1170 4550 ex
1194 4489 1371 4554 lectionibus
1391 4511 1443 4554 va·
