3584 5292
880 542 957 589 ν·

393 553 438 626 a
879 601 919 636 Δι“.
965 622 971 634 ι

394 763 452 809 nor
469 744 593 826 ind-iugi
620 750 674 810 aut
698 747 847 814 debilitari
870 751 986 830 potest,
1015 743 1297 831 quoniamquidem
1320 767 1379 831 quo
1401 751 1500 830 magis

394 848 427 912 in
454 850 589 912 oodionm
615 849 824 932 antiquitatem
852 853 1035 932 reoedimus,
1068 873 1107 916 eo
1137 854 1237 915 minus
1264 852 1340 916 alios
1369 855 1408 918 ab
1433 857 1501 918 aliis

394 953 557 1020 abhorrere
583 973 644 1018 nou
669 956 778 1017 mirum
797 955 927 1017 videtur.
967 955 1077 1036 Itaque
1101 958 1138 1017 ut
1161 955 1271 1018 oodieis
1298 961 1329 1020 Γ
1350 957 1502 1020 diversam

393 1055 540 1136 originem
569 1078 660 1138 quam
687 1057 819 1120 maxime
847 1077 1010 1138 possumus
1031 1059 1207 1139 probemus,
1235 1072 1316 1122 nuno
1336 1079 1502 1142 proponam

393 1177 448 1222 eas
467 1160 549 1223 illius
570 1162 730 1238 leotiones,
756 1161 790 1223 in
817 1162 927 1242 quibus
954 1160 1075 1244 propria
1103 1164 1212 1241 poetae
1238 1181 1303 1225 vox
1330 1166 1383 1225 aut
1403 1163 1500 1226 oratio

394 1262 492 1343 magis
514 1268 638 1326 servate
655 1265 728 1326 mihi
748 1283 817 1326 esse
836 1266 958 1326 ridetur
979 1283 1070 1345 quam
1088 1263 1121 1325 in
1139 1265 1343 1329 Laurentiano
1366 1268 1415 1330 A.
1453 1266 1501 1328 Ao

392 1365 521 1445 primum
549 1366 669 1447 quidem
698 1385 739 1428 ex
765 1369 908 1446 quattuor
928 1365 988 1428 iliis
1009 1366 1133 1442 fabulis,
1163 1385 1289 1446 quarum
1308 1387 1445 1447 quaeque
1465 1374 1501 1433 ut

392 1465 543 1530 uberrIma
565 1469 706 1551 exempla
724 1469 880 1551 praebuit,
900 1469 945 1530 ita
964 1470 1047 1548 prior
1066 1468 1246 1530 nominanda
1266 1468 1334 1530 risa
1352 1475 1409 1550 est,
1430 1474 1500 1536 iilos

391 1568 473 1631 looos
502 1572 707 1652 perlustrabo,
737 1573 844 1652 quibus
873 1571 983 1632 oodiois
1011 1574 1042 1634 Γ
1068 1572 1274 1633 auctoritatem
1295 1571 1499 1638 Laurentiano

392 1672 433 1732 A
454 1674 680 1752 praeferendam
704 1691 774 1736 esse
792 1663 853 1736 iam
875 1677 967 1737 antea
985 1673 1037 1736 aiii
1056 1675 1211 1751 uiderunt,
1238 1677 1304 1736 tom
1323 1677 1430 1756 quibus
1449 1697 1498 1739 eo-

297 1812 299 1816 .
392 1774 467 1836 dieis
487 1778 518 1836 Γ
536 1776 696 1838 leotiouem
715 1797 776 1838 nou
796 1781 889 1860 vulgo
914 1778 1072 1862 probatam
1092 1780 1145 1841 aut
1165 1778 1301 1858 agnitam
1322 1779 1387 1841 sins
1408 1781 1498 1842 dubio

391 1877 601 1942 vindieandam
629 1899 699 1942 esse
726 1883 978 1964 existimaverim,
1013 1883 1142 1962 denique
1169 1881 1278 1962 quibus
1305 1881 1343 1942 de
1369 1885 1498 1962 utraque

389 1977 518 2046 leotione
536 1983 685 2045 incertum
704 1983 846 2048 iudicium
868 1991 958 2070 atque
979 1985 1154 2067 ambiguum
1174 1984 1303 2050 videtur.

534 2085 572 2148 A.
590 2087 753 2152 Philostet:

335 2239 342 2246 .
477 2188 503 2250 Ι.
525 2209 553 2252 r.
578 2197 619 2255 23
641 2194 681 2255 A
705 2193 808 2278 χῶρον
830 2187 916 2275 πρὸς
937 2183 1033 2254 αὐτὸν
1055 2184 1145 2252 τόνδ’
1168 2181 1220 2274 ἥτ’
1243 2182 1332 2272 ἄλλῃ.
1356 2193 1387 2251 Γ
1407 2183 1498 2252 τόνδ’

390 2280 447 2353 εἴτ’
470 2284 565 2377 duty,
593 2297 672 2375 qnod
698 2298 817 2379 quidem
845 2295 958 2358 rectius
986 2314 1021 2354 se
1049 2294 1158 2365 habet,
1187 2293 1397 2373 praeterquam
1419 2294 1500 2373 quod
1527 2289 1531 2294 ’

390 2397 461 2455 ante
489 2397 725 2461 ooniunotion'em
746 2390 810 2462 εἴτ’
832 2399 1022 2462 intercidisse
1049 2388 1099 2458 ἔτ’
1122 2395 1298 2458 adverbium
1316 2396 1378 2457 iam
1398 2395 1499 2458 Elms-

388 2496 465 2558 leius
485 2500 619 2564 oonieoit.
664 2500 757 2564 Cuius
777 2501 845 2565 vitii
866 2503 1008 2583 exempla
1025 2500 1087 2561 iam
1110 2517 1202 2579 supra
1224 2498 1332 2560 similia
1350 2501 1497 2562 enarrari

475 2622 504 2664 v.
527 2609 569 2666 29
591 2597 664 2670 τόδ’
688 2599 851 2689 ἐξύπερθε
872 2600 929 2668 καὶ
950 2598 1064 2686 στίβου
1085 2595 1118 2684 γ’
1134 2603 1190 2681 (sio
1205 2601 1365 2663 Triclinius
1382 2622 1438 2683 pro
1453 2595 1498 2680 τ’)

388 2697 494 2782 οὐδεὶς
518 2704 640 2784 κτύπος
664 2709 808 2772 exhibent
834 2713 866 2770 et
891 2707 1114 2768 Laurentianus
1133 2707 1174 2768 A
1196 2708 1229 2766 et
1255 2705 1399 2785 pleraque
1426 2725 1498 2787 apo·

388 2812 512 2890 grapha.
557 2811 595 2872 In
622 2818 653 2875 Γ
678 2816 779 2874 autem
813 2831 868 2893 pro
899 2802 1023 2884 κτύπος
1051 2811 1154 2870 exstat
1178 2803 1298 2885 τύπος,
1328 2809 1411 2870 unde
1440 2810 1498 2871 hoo

388 2914 479 2974 etiam
499 2915 531 2975 in
550 2917 694 2978 nonnulla
720 2917 779 2978 alia
807 2914 948 2996 exempla
975 2915 1155 2976 translatum
1183 2915 1239 2973 est
1283 2905 1396 2986 Τόπος
1422 2932 1496 2974 vero

386 3019 605 3081 restituendum
627 3039 696 3080 esee
717 3017 799 3081 haud
819 3038 999 3099 quemquam
1016 3018 1122 3096 fugiat,
1144 3035 1242 3097 neque
1263 3016 1424 3096 quidquam
1442 3016 1497 3076 du·

385 3121 463 3199 bito,
486 3123 557 3203 quin
579 3123 691 3186 Theod.
713 3123 838 3202 Bergkii
859 3122 1074 3183 oouieeturam:
1100 3114 1156 3181 καὶ
1180 3111 1307 3197 στίβου’
1332 3110 1386 3181 στ’
1408 3111 1497 3179 ούόει

385 3220 490 3300 τύπος
512 3228 575 3289 toto
594 3229 691 3289 animo
712 3226 893 3308 amplectar,
920 3244 1013 3305 quum
1041 3223 1126 3284 nulia
1154 3220 1305 3284 sententia
1331 3239 1401 3282 esse
1422 3221 1497 3282 mihi

385 3329 525 3391 rideatur
545 3325 628 3392 illud
638 3321 751 3410 στίβου
773 3322 975 3403 auditoria
995 3328 1065 3389 viae
1085 3325 1238 3406 strepitus,
1275 3324 1355 3387 Nam
1376 3325 1457 3404 qnod
1476 3343 1497 3386 a
1576 3369 1579 3372 -

385 3433 538 3496 Dindorfio
560 3425 674 3514 στίβος
690 3433 748 3493 hoo
766 3432 832 3492 loeo
851 3431 883 3491 iu
907 3431 1086 3493 sententiam
1107 3430 1244 3492 ineassus
1264 3428 1317 3490 rel
1338 3428 1497 3490 incedendi

385 3539 546 3621 recipitur,
563 3553 723 3618 perperam
743 3535 782 3595 ad
803 3535 837 3596 id·
853 3534 1042 3616 probandum
1062 3533 1100 3595 ab
1121 3534 1172 3595 illo
1194 3531 1366 3613 exemplum
1385 3550 1416 3594 v.
1430 3534 1494 3592 206

384 3641 519 3705 eiusdem
539 3640 657 3702 fabulae
679 3641 903 3701 commemorari
919 3639 998 3700 infra
1018 3637 1195 3699 videbimus.

470 3768 499 3809 v.
523 3749 584 3808 139
612 3738 704 3822 τέχνα
732 3737 793 3824 γὰρ
823 3734 935 3818 τέχνας
955 3732 1069 3824 ἑτέρας
1090 3732 1223 3822 προύχει
1245 3769 1288 3782 -
1310 3730 1365 3798 καὶ
1384 3730 1494 3817 γνώμα

383 3843 467 3933 παρ’
492 3844 557 3934 ὅτῳ
584 3844 622 3911 τὸ
655 3846 746 3910 θεῖον
771 3881 807 3890 -
833 3837 917 3918 Διὸς
948 3841 1110 3929 σκῆπτρον
1131 3835 1315 3902 ύνύσσεται.
1359 3838 1431 3901 Ood.
1454 3840 1494 3902 A

385 3955 508 4017 exhibet
530 3949 658 4036 γνώμας
678 3969 733 4032 pro
757 3942 882 4032 γνώμα,
907 3967 999 4029 quum
1018 3953 1140 4028 praeter
1161 3946 1220 4007 alia
1241 3943 1381 4022 exempla
1402 3943 1495 4004 etiam

385 4062 416 4121 Γ
435 4059 534 4136 legate
563 4049 672 4138 γνώμα
693 4047 820 4136 γνώμας
843 4045 928 4136 παρ’
951 4043 1015 4115 xri.
1039 4052 1123 4113 illato
1146 4049 1330 4129 glossemate
1357 4041 1493 4127 γνώμας.

311 4151 316 4162 ’
383 4160 472 4224 Unde
494 4175 638 4237 germane
660 4157 748 4218 leetio
768 4151 877 4238 γνώμα
898 4146 983 4237 παρ’
1006 4147 1072 4236 ὅτῳ
1095 4144 1156 4215 ari.
1178 4151 1265 4211 facile
1279 4149 1421 4210 restituta
1436 4153 1493 4210 est.

470 4283 499 4324 v.
522 4264 585 4322 200
607 4252 734 4341 χρόνος,
757 4247 783 4341 ᾦ
806 4253 931 4341 λέγεται
955 4291 991 4300 --
1014 4248 1126 4340 χρῆναί
1147 4246 1207 4338 σφ’
1228 4245 1296 4314 ύπό
1316 4249 1418 4315 τώνόε
1437 4249 1492 4314 δα-

382 4370 487 4455 μῆναι.
523 4365 561 4427 In
582 4363 684 4426 oodioe
699 4363 739 4423 A
752 4362 897 4442 seriptum
909 4362 1013 4421 exstat
1031 4378 1051 4420 a
1069 4376 1160 4419 manu
1181 4356 1279 4437 prima
1297 4349 1382 4440 χρὴν,
1403 4375 1423 4416 a
1444 4375 1491 4416 se·

384 4474 482 4536 ounda
501 4473 596 4556 χρῆν,·
617 4467 700 4540 reete
721 4466 786 4530 ood.
808 4467 837 4526 Γ
857 4462 976 4546 χρῆναι.
