3584 5292
796 531 852 590 ο),
892 523 965 602 R,
1376 493 1420 563 ²3

220 703 224 714 ·
303 678 511 760 semunciis
533 681 581 740 est
597 677 858 769 qui.·reiragetur?
903 680 946 740 Et
967 665 1196 762 proiecto'haec
1216 684 1315 744 omnia
1337 682 1415 745 eius'-

302 783 492 858 nedicunt,
519 785 554 842 ut
575 781 760 846 D'indoriium
788 785 875 846 facile
904 785 943 844 ad
970 783 1053 844 sslcm
1082 785 1261 844 sententium
1282 784 1414 866 pronunl

301 887 435 950 tiandam
459 885 623 950 adduxisse
653 885 820 948 uideantur.
864 883 1011 948 Attamen
1042 890 1113 947 eunt
1142 886 1218 947 aliae
1239 905 1307 966 res,
1337 909 1414 970 quae

303 991 422 1070 quidem
444 989 571 1064 abillo,
599 990 685 1068 quod'
700 990 827 1050 minime
842 990 1000 1067 convenit,
1020 991 1110 1070 plane
1130 983 1288 1069 neglectae
1310 987 1414 1072 viden-

302 1095 359 1170 tur,
382 1092 489 1172 quibus
512 1091 677 1172 exploratis
693 1111 728 1154 ac
739 1092 908 1174 perspectis
923 1095 997 1155 haec
1010 1094 1078 1174 ipsa
1093 1093 1260 1174 disquisitio
1269 1095 1413 1156 ‘omnibus

301 1195 422 1262 demum
444 1195 577 1258 numeris
606 1195 744 1258 absoluta
764 1187 835 1258 esse
857 1196 961 1277 possit
1006 1195 1116 1256 Restat
1135 1195 1214 1256 enim
1234 1197 1329 1258 multo
1350 1213 1412 1258 me:

299 1297 470 1368 morabilior
490 1299 623 1360 locorum
644 1299 709 1375 vis,
738 1319 778 1360 ex
803 1299 911 1379 quibus
932 1317 993 1358 non
1020 1301 1082 1358 tam
1109 1298 1271 1361 similitudo
1293 1300 1413 1362 illorum

299 1401 434 1464 codicum
454 1419 543 1478 quam
565 1401 724 1466 diversitas
748 1401 822 1462 satis
846 1419 958 1479 magna
977 1401 1115 1480 intellegi
1133 1404 1243 1481 potest
1332 1417 1336 1424 ’

385 1502 432 1562 Ac
453 1501 582 1582 primum
604 1505 724 1584 quidem
745 1523 832 1565 nemo
855 1506 903 1564 est
925 1504 996 1584 quin
1022 1485 1055 1562 in
1076 1505 1282 1582 comparandis
1308 1503 1411 1565 lectio·

297 1606 385 1666 nibus
405 1605 491 1668 facile
513 1607 569 1667 sibi
582 1608 765 1688 persuadeat
786 1607 919 1668 codicem
932 1608 1068 1686 [multo
1085 1597 1211 1686 gravius
1234 1609 1410 1686 corruptum

298 1728 366 1770 esse
386 1727 475 1789 quam
491 1709 728 1774 Laurentiauum
748 1711 788 1770 A
814 1713 846 1770 et
866 1709 1025 1790 permultis
1046 1709 1246 1788 depravatum
1267 1708 1411 1790 peccatis‚'

299 1810 404 1890 quibus
427 1811 478 1870 ille
499 1812 589 1890 plane
610 1821 719 1876 careat.
759 1814 801 1874 Et
823 1813 977 1894 reputanti
992 1812 1072 1887 mihi,
1092 1811 1173 1872 unde
1188 1812 1307 1873 illorum
1321 1811 1415 1873 uitio»

298 1933 363 1974 rum
382 1914 541 1978 multitudo
561 1915 592 1976 in
614 1919 645 1976 Γ
666 1917 730 1976 solo
753 1921 861 1978 exorta
879 1917 933 1992 sit,
963 1935 1082 1994 semper
1102 1914 1154 1974 ille
1175 1915 1318 1992 cogitatio
1341 1934 1409 1995 pro

296 2017 403 2078 babilis
427 2018 493 2078 visa
513 2021 562 2080 cet
591 2037 643 2096 ea,
673 2018 731 2080 nisi
757 2020 853 2080 codex
882 2021 920 2080 de
948 2019 1113 2096 archetypo
1143 2019 1272 2094 quodam
1297 2018 1408 2080 litteris

295 2119 469 2180 maiusculis
490 2123 615 2207 enatato
638 2121 808 2202 descriptus
832 2125 924 2200 esset,
946 2141 1007 2182 non
1024 2122 1159 2180 futurum
1180 2119 1274 2180 fuisse
1294 2125 1330 2180 ut
1348 2120 1407 2180 huc

295 2221 484 2282 inferrentur.
528 2223 635 2302 Neque
663 2225 751 2286 aliter
779 2225 882 2286 Herm.
910 2224 1017 2285 Iustus
1045 2221 1169 2302 Lipsius
1189 2222 1248 2282 ll
1275 2221 1314 2281 de
1342 2220 1406 2282 illo

294 2345 376 2400 rum,
403 2323 467 2406 qui'
481 2325 539 2387 huo
568 2327 734 2406 pertinent,
761 2329 894 2390 locorum
921 2331 1031 2388 natura
1051 2325 1209 2403 iudicavit,
1239 2323 1296 2384 nisi
1325 2325 1407 2402 quod

294 2429 380 2490 illum
400 2427 530 2490 codicem
551 2430 590 2496 de
615 2432 720 2494 eodem
743 2435 907 2513 archetypo
939 2451 998 2510 quo
1023 2422 1261 2490 Laurentienum
1282 2428 1323 2488 A
1352 2428 1405 2488 de·

296 2531 439 2610 scriptum
457 2550 526 2592 esse
548 2533 661 2594 statuit
705 2533 795 2604 Quod
821 2535 923 2614 ipsum
945 2531 1034 2611 quale
1054 2531 1108 2604 sit,
1135 2530 1214 2589 infra
1236 2529 1406 2590 considera-

296 2633 406 2707 bimus;
429 2651 514 2710 nuno,
537 2643 572 2696 ut
595 2635 686 2698 etiam
706 2637 744 2698 de
768 2639 824 2698 hee
845 2657 878 2697 re
901 2655 990 2696 suum
1009 2634 1116 2712 cuique
1135 2631 1405 2725 consiliumprom-

294 2745 381 2817 ptum
408 2755 444 2796 eo
465 2741 604 2816 paratum
629 2740 685 2816 sit,
713 2740 867 2821 exempla,
898 2739 1006 2818 quibus
1033 2737 1124 2798 Laut.
1147 2737 1178 2796 Γ
1199 2753 1218 2796 a
1240 2735 1341 2795 codice
1364 2735 1404 2795 A

268 2868 275 2886 ν
295 2841 466 2916 abhorreat,
491 2859 532 2902 ex
554 2845 695 2922 quattuor
714 2843 773 2903 illis
792 2842 901 2904 fabulis
924 2844 1044 2923 sumpta
1063 2839 1194 2900 afferam.

179 3009 182 3018 p
381 2941 454 3002 Oed.
477 2941 514 3002 R.
539 2946 602 3006 cod.
628 2951 657 3008 Γ
681 2968 708 3007 v.
735 2951 794 3008 121
828 2938 857 3008 ei
879 2935 974 3024 λάβοι
1001 2937 1060 3022 μὲν
1087 2961 1141 3022 pro
1169 2960 1244 3001 vera
1275 2939 1405 2999 lectione

294 3045 401 3108 codicis
423 3045 451 3106 A
474 3038 503 3106 εἰ
525 3039 688 3128 λάβοιμεν.
711 3085 750 3093 —-
798 3069 825 3108 v.
850 3049 910 3108 155
935 3043 962 3108 δ’
984 3038 1071 3122 dtis]
1093 3034 1205 3106 Δάλιε.
1229 3075 1271 3084 -
1294 3043 1402 3099 13170

294 3142 437 3234 φροντίδ’
460 3144 563 3229 ἔγχος]
586 3145 759 3234 φροντίδος
781 3145 878 3232 ἔγχος.
901 3181 936 3194 .„
982 3168 1009 3208 v.
1023 3151 1069 3206 <17
1075 3151 1092 3206 7
1116 3140 1181 3206 ἐντ’
1202 3137 1259 3221 dv]
1290 3129 1402 3219 οἷκτᾶν,

294 3272 383 3334 quam
405 3251 563 3312 lectionem
586 3254 676 3314 etiem
697 3255 728 3314 iu
743 3258 772 3316 Γ
794 3253 977 3332 adscriptam
1000 3250 1137 3309 videmus
1159 3268 1188 3306 κ.
1211 3265 1259 3328 γρ.
1289 3235 1403 3323 οῗκτᾰν.

296 3391 332 3402 -
356 3377 385 3416 v.
410 3359 471 3420 212
490 3347 693 3434 μονόστολον,
718 3339 796 3436 quod
818 3356 909 3416 etiam
931 3354 1022 3414 Laur.
1044 3352 1085 3412 A
1109 3349 1235 3410 exhibet
1257 3367 1276 3408 a
1296 3368 1341 3428 pr.
1363 3367 1401 3408 nn

293 3459 344 3520 Ex
374 3459 515 3520 continua
540 3458 772 3522 maiusculcrum
801 3458 971 3520 litterarum
999 3455 1161 3534 scriptione
1185 3441 1403 3514 Motvddwvo-

294 3554 453 3642 μόοτολον
474 3563 550 3622 falso
581 3563 746 3642 proiectum
770 3565 818 3626 eet
846 3550 1045 3638 μονόστολον
1067 3576 1121 3638 pro
1143 3546 1328 3635 ὁμόστολον.
1358 3587 1402 3596 -

284 3676 323 3726 κν.
345 3669 409 3728 493
432 3661 493 3746 βὰς
515 3657 597 3744 ἄνω]
620 3657 760 3746 βασάνῳ.
785 3699 822 3708 -
864 3683 892 3723 v.
916 3665 978 3723 525
1009 3648 1146 3738 τοῦντος]
1161 3658 1219 3719 τοῦ
1239 3650 1322 3738 πρὸς
1339 3645 1418 3753 xci..

296 3805 338 3817 ——
391 3789 470 3832 vers.
497 3772 559 3829 704
589 3756 682 3842 οὗτὸς
710 3757 854 3843 dictricis,
895 3769 999 3826 natum
1026 3785 1067 3823 ex
1103 3759 1137 3837 ’ξ’
1166 3762 1183 3820 i.
1205 3780 1231 3819 e.
1266 3753 1318 3834 ξὺν
1343 3775 1405 3816 non

296 3869 348 3949 ἐξ,
372 3893 425 3952 pro
448 3861 602 3948 ξονειόώς.
626 3905 666 3914 -
689 3890 716 3929 v.
743 3875 800 3932 791
823 3868 895 3948 ’χρεῖ
917 3857 1023 3952 ἦμοι]
1044 3858 1133 3948 χρείη
1153 3883 1204 3942 με.
1226 3895 1269 3904 -
1294 3880 1322 3920 u.
1339 3861 1403 3920 829

296 3965 466 4060 ἀνορθοίη]
490 3969 528 4036 ἂν
551 3962 678 4056 ὀρθοίη.
703 4007 746 4016 -·
787 3991 816 4030 v.
840 3973 901 4030 905
934 3961 1060 4032 λάθοιο)
1082 3961 1120 4028 ἄν
1143 3987 1179 4028 τε
1203 3959 1279 4044 σάν]
1302 3953 1404 4024 λάθοι

296 4070 354 4142 τάν
374 4099 410 4140 τε
434 4074 493 4138 σὰν
515 4069 579 4138 uti.
604 4113 645 4120 -
690 4097 716 4136 v.
743 4076 805 4134 920
828 4065 1091 4153 συγκανίγμασιν]
1114 4065 1170 4130 σὺν
1191 4059 1403 4148 κατάνμοοιν,

297 4188 332 4244 ut
353 4181 525 4242 Brunokius
552 4185 634 4242 recte
657 4177 796 4240 restituit.
829 4211 873 4220 -
914 4195 942 4234 v.
967 4179 1029 4236 929
1060 4165 1253 4253 ξονολβίοις]
1275 4164 1327 4245 ξὺν
1349 4154 1404 4227 ὅλ-

298 4278 392 4366 βίοις.
419 4319 462 4330 --
514 4302 541 4343 v.
573 4286 633 4344 937
666 4271 869 4356 ἄναοχάλοις]
893 4271 931 4338 ἂν
953 4269 1131 4354 ἃσχάλλοις.
1169 4310 1208 4319 -
1261 4292 1289 4332 v.
1321 4269 1407 4328 1101.

300 4383 603 4470 προςνοελαοθεῐοο.
634 4385 676 4446 sic
697 4387 736 4448 A
759 4389 791 4445 et
813 4387 851 4462 Γ,
879 4384 1046 4464 proiectum
1067 4400 1141 4440 sane
1163 4398 1203 4438 ex
1224 4376 1300 4438 falso
1321 4369 1409 4431 intel-
