3584 5292
1350 578 1392 644 19

283 765 373 830 tianis
402 763 582 845 eomparatis
609 771 771 846 0010110000
801 765 894 828 variis
922 765 1099 826 leetiomtus
1126 766 1306 828 diiudicatis
1322 774 1396 848 per-
1489 803 1499 820 ,
1579 799 1593 812 ι

285 869 381 930 suasit
410 867 467 928 sibi
487 866 723 928 Laurentianum
745 871 775 928 Γ
802 888 863 928 000
885 869 925 928 (10
953 869 1019 949 ipso
1041 869 1082 929 A
1110 868 1296 949 exaeriptum
1321 890 1393 931 0000

284 973 336 1034 sed
367 973 406 1032 de
433 970 599 1051 arohetypo
627 972 763 1034 eiuedem
791 972 938 1052 originem
972 975 1059 1032 suam
1084 970 1243 1033 manifeste
1272 973 1391 1044 dooere.

283 1074 339 1135 Ille
367 1073 433 1154 pari
462 1090 531 1134 osse
558 1074 638 1135 huno
663 1074 841 1137 auetoritate
873 1077 964 1154 atque
990 1077 1093 1135 eetere
1119 1075 1309 1155 apographa,
1323 1065 1327 1069 ’
1340 1077 1392 1137 hio

225 1221 231 1236 .
283 1177 347 1238 fere
368 1175 448 1237 idem
469 1173 550 1255 quod
575 1175 778 1239 Laurentiano
794 1178 834 1238 A
862 1177 955 1238 etiam
981 1177 1051 1238 huie
1078 1176 1172 1238 oodioi
1200 1177 1392 1241 tribuendum

284 1297 353 1340 0000
371 1279 483 1338 000001
528 1277 616 1347 Quae
639 1299 731 1359 quum
751 1281 795 1341 ita
813 1279 889 1355 sint,
913 1299 1005 1359 quum
1026 1281 1154 1341 duorum
1171 1279 1290 1340 illorum
1310 1283 1391 1343 viro-

282 1400 360 1442 rum·
372 1380 537 1442 sententias
560 1384 717 1463 tantopere
739 1384 819 1444 inter
841 1402 874 1442 se
895 1382 1067 1464 discrepare
1087 1384 1261 1459 videamus,
1282 1385 1391 1464 operae

283 1483 413 1564 pretium
430 1483 529 1546 faeere
551 1484 637 1546 nobis
660 1487 807 1561 videmur,
831 1487 866 1546 ut
885 1486 1120 1548 controversiam
1141 1485 1224 1546 illam
1247 1491 1392 1566 00001001

283 1586 432 1672 possimus
453 1584 560 1647 tollere
588 1604 623 1647 ao
644 1587 782 1652 dirimere
800 1607 954 1652 ,conemur
1001 1587 1179 1666 Priusquam
1199 1591 1300 1650 autem
1321 1590 1393 1671 quid

284 1691 409 1752 rationis
429 1689 523 1750 oodioi
544 1692 574 1749 Γ
598 1709 666 1752 oum
688 1692 793 1754 oodioe
811 1692 851 1754 A
873 1691 929 1765 011,
950 1705 1011 1752 uon
1038 1691 1263 1752 accuratissime
1289 1683 1392 1774 explo'

284 1796 382 1862 ratum
405 1792 567 1867 habemus,
596 1794 676 1855 illius
697 1795 798 1856 varias
819 1794 963 1856 leotiones
996 1794 1035 1854 ad
1055 1779 1260 1856 emendandas
1279 1794 1392 1877 Sopho⁴

286 1897 339 1958 0110
376 1896 493 1956 tubulas
521 1895 682 1958 utilitatem
714 1898 864 1977 quandam
892 1897 974 1959 haud
1001 1895 1088 1958 1100110
1117 1895 1229 1958 afferre
1257 1903 1391 1981 apparet·

286 1997 368 2068 Quin
398 1997 489 2058 etiam
511 1996 676 2078 perieulum
702 2001 784 2062 houd
812 2019 941 2079 paruum
963 1997 1134 2074 suboritrir,
1160 2001 1295 2062 0011100
1324 2022 1393 2062 oum

283 2100 484 2180 peruersitate
518 2099 645 2179 quadem
674 2102 775 2166 iudieii
808 2103 1009 2164 adhibeantur
1035 2121 1199 2183 earumque
1227 2105 1393 2166 auotoritas

283 2204 378 2284 pluris
401 2203 561 2266 aestimata
585 2221 688 2270 veram
717 2223 752 2268 ao
780 2213 957 2284 germanam
977 2205 1137 2266 lectionem
1165 2206 1263 2284 magis
1282 2207 1393 2284 magis·

281 2326 340 2387 que
372 2307 514 2370 obscuret
548 2307 639 2390 atque
667 2309 823 2389 opprimat.
886 2311 994 2387 reque
1014 2325 1112 2381 0000,
1146 2310 1295 2387 00010000
1320 2307 1393 2370 du'o-

283 2429 350 2478 rum
376 2408 496 2470 illorum
531 2407 665 2468 virorum
700 2411 809 2490 iudioia
847 2415 900 2474 aut
932 2409 1119 2489 repudianda
1153 2411 1207 2470 aut
1239 2410 1395 2489 probanda

283 2513 361 2587 0101,
389 2507 517 2590 singulis
540 2530 580 2570 ex
606 2511 723 2572 duobus
754 2511 905 2574 oodioilius
930 2513 1019 2584 loeis,
1049 2513 1157 2593 quibus
1184 2511 1262 2573 alter
1290 2514 1328 2574 ab
1351 2513 1394 2573 al·

286 2619 351 2676 tero
373 2615 549 2688 abhorreat,
573 2613 681 2692 quibus
708 2615 795 2675 ambo
822 2613 902 2674 inter
932 2627 965 2668 se
979 2619 982 2626 '
996 2615 1185 2676 consentient
1212 2616 1303 2693 atque
1324 2634 1394 2676 eon·

285 2717 418 2798 spirent,
457 2717 620 2795 diligenter
649 2713 840 2797 perlustratis
876 2711 1000 2794 paucis,
1040 2712 1067 2772 01
1102 2712 1216 2792 placet,
1259 2718 1394 2775 conside

228 2875 235 2896 ,
284 2837 394 2888 remus.
861 2869 863 2872 .

390 2923 510 3001 Itaque,
542 2921 623 3000 quod
649 2920 777 3000 primum
798 2918 958 2998 unicuique
981 2934 1055 2978 0000
1083 2915 1115 2975 10
1136 2914 1266 2994 siugulis
1284 2914 1395 2975 utrius

288 3043 347 3103 que
369 3023 476 3110 oodiois
504 3023 683 3086 lectionibus
704 3020 891 3084 conferendis
918 3019 1061 3093 occurrit,
1092 3035 1204 3094 magna
1227 3021 1277 3077 est
1296 3019 1396 3078 multi·-

287 3127 360 3188 tudo
388 3127 588 3188 communium
610 3126 767 3200 vitiorum,
797 3143 887 3206 quam
915 3121 1090 3183 oollationes
1118 3139 1222 3180 eorum
1250 3121 1349 3182 100100
1377 3139 1397 3180 0
1433 3139 1470 3182 ·,

285 3209 439 3292 Dindorfio
463 3231 514 3290 vel
534 3230 566 3290 in
581 3228 670 3308 Soph.
691 3229 761 3290 edit.
784 3246 809 3288 a
832 3230 916 3288 1825
932 3227 983 3285 vel
1004 3224 1036 3284 in
1049 3220 1147 3283 Oxou
1169 3222 1240 3283 edit
1262 3242 1288 3283 a
1311 3225 1396 3284 1860

285 3313 413 3414 probant
434 3349 469 3392 00
491 3332 706 3390 demonstrant.
746 3329 897 3400 'Quorum
923 3329 1113 3408 peoeatorum
1141 3327 1295 3406 exempla,
1319 3343 1397 3406 0000

286 3439 431 3500 00000010
450 3432 658 3514 reperiuntur,
685 3451 862 3493 enumerare
889 3430 1011 3508 longius
1040 3429 1171 3488 estnec
1197 3428 1326 3488 multum
1345 3446 1396 3488 00

286 3537 333 3600 bis
355 3537 394 3602 ad
421 3523 554 3616 id'quod
575 3536 714 3596 volumus
742 3534 932 3596 efficiendum
953 3533 1085 3612 prodest.
1135 3530 1238 3593 Satius
1269 3533 1333 3603 001,
1362 3532 1399 3590 01

288 3658 364 3720 0000
384 3640 479 3702 multo
504 3639 629 3718 similior
649 3639 726 3700 ratio
748 3637 842 3699 oodiei
864 3639 894 3696 Γ
917 3654 1006 3716 quam
1030 3634 1097 3696 aliis
1118 3634 1211 3709 1100,
1232 3652 1309 3712 quae
1333 3651 1397 3694 our·

289 3745 439 3806 reetorum
460 3761 568 3806 uranus
589 3741 687 3820 magis
710 3741 839 3818 experta
863 3742 950 3813 0001,
981 3757 1049 3799 oum
1069 3737 1272 3799 Laurentiano
1292 3735 1332 3795 A
1352 3733 1397 3795 iu·

287 3845 437 3920 teroedat,
458 3844 683 3926 perspiciamus,
705 3863 758 3906 000
782 3843 869 3902 modo
893 3843 991 3917 locos,
1013 3843 1121 3921 quibus
1139 3837 1296 3917 utriusque
1318 3833 1398 3898 sodi⁶

287 3947 330 4008 010
353 3965 509 4012 commune
531 3948 640 4010 vitium
661 3948 786 4010 aliorum
807 3943 951 4006 librorum
971 3961 1028 4023 ope
1050 3941 1226 4020 eon-igitur,
1248 3943 1399 4016 00010000,

288 4069 400 4132 eosque
430 4071 470 4115 ex
492 4071 553 4114 una
574 4050 759 4114 Philoctetae
781 4047 889 4110 ¹subulo
909 4046 1055 4126 repetitos
1083 4048 1116 4104 01
1134 4043 1266 4104 maxime
1286 4061 1398 4104 memo·

288 4154 400 4218 nabiles
428 4155 614 4236 dignosque,
642 4154 693 4235 qni
720 4150 946 4222 (1000011001οη
973 4167 1043 4208 nam
1071 4166 1112 4208 ex
1136 4147 1184 4207 hie
1210 4144 1285 4226 ipsis
1307 4144 1397 4206 unius

287 4256 407 4320 1010100
427 4257 491 4320 fere
514 4255 714 4336 quadraginta
734 4253 808 4316 10010
833 4251 944 4314 mirum
971 4254 1116 4331 quantum
1136 4248 1266 4312 elucebit
1289 4261 1399 4308 natura

266 4363 321 4422 ,01
341 4360 419 4424 rstio
440 4360 560 4424 illorum
582 4357 723 4422 oodioum.
776 4354 854 4418 Sunt
874 4356 977 4417 autem
1006 4354 1053 4430 hi,
1082 4373 1158 4434 quos
1177 4352 1223 4412 ita
1242 4345 1398 4427 descripsi,

289 4465 325 4522 ut
350 4464 433 4542 prior
458 4464 610 4543 seriptum
638 4479 715 4522 unoo
741 4457 857 4522 1001000
887 4455 1022 4518 oodieum
1041 4458 1081 4518 A
1102 4459 1135 4516 et
1158 4457 1190 4517 Γ
1218 4452 1270 4528 011,
1303 4440 1407 4512 altera

1141 4560 1159 4615 2
1172 4553 1192 4589 ὕ
