3584 5292
760 534 876 638 ott«
1260 658 1263 666 .
1407 537 1456 643 ⁵.

317 724 467 804 scriptura
500 722 657 803 archetypi
689 723 747 784 iam
778 722 916 802 pallidior
940 723 1034 784 fuisse
1067 726 1122 785 aut
1147 726 1237 806 plane
1265 728 1426 790 evanuisse

315 827 452 904 videtur,
491 827 545 885 aut
575 847 614 887 ex
643 826 815 886 coniectura
840 845 1063 907 nonnumquam
1089 827 1143 888 illa
1166 831 1290 910 antiqua
1316 850 1424 892 manus

315 931 409 990 verba
437 929 598 990 restituere
631 931 738 988 conata
763 930 812 988 est
840 932 894 988 eut
916 927 1036 990 litteras
1058 949 1218 1010 perperam
1244 934 1340 996 lectas
1369 954 1423 1015 pro

315 1033 397 1092 veris
418 1031 596 1093 habuit·aut
618 1032 699 1092 iuter
719 1032 796 1102 duas
814 1031 961 1093 lectiones
985 1033 1150 1096 fluctuavit
1193 1033 1236 1097 Ut

369 1215 398 1253 v.
423 1195 462 1254 15
491 1213 584 1272 super
606 1185 757 1275 doyet'orv:
780 1194 831 1269 ῖος
853 1197 999 1277 scriptum
1019 1199 1129 1259 exstat

366 1316 394 1356 v.
418 1297 479 1356 125
507 1287 705 1358 α’ντιπάλωιτ
726 1317 764 1358 ου
778 1317 797 1358 a
813 1318 852 1360 m.
868 1301 959 1380 antiq.
980 1301 1110 1380 legimus
1123 1303 1156 1362 et
1170 1306 1315 1384 sequente
1330 1281 1424 1366 versu

509 1417 602 1478 super
622 1394 789 1481 ὄρακόντιι
814 1421 859 1475 ος.

363 1521 391 1561 v.
416 1504 479 1562 130
507 1501 546 1586 ad
567 1495 772 1586 desponsetur
792 1505 977 1585 adscriptum
997 1505 1134 1566 inuenies
1148 1525 1167 1568 a
1179 1528 1216 1567 m.
1237 1510 1298 1569 ant.
1315 1500 1420 1591 irreq-

510 1623 626 1678 οπτας.
1199 1664 1205 1676 ,

364 1727 392 1767 v.
417 1711 478 1768 187
509 1727 601 1788 super
620 1701 741 1785 χθονὸς
764 1707 910 1788 scriptum
932 1711 982 1771 est
1004 1726 1023 1771 a
1043 1731 1081 1771 m
1102 1731 1146 1792 pr.
1169 1706 1307 1788 πόλεως.

362 1830 391 1870 v.
414 1813 476 1870 218
505 1801 592 1893 aliq
612 1811 645 1870 iu
666 1803 746 1872 dolo
769 1812 902 1872 correxit
924 1831 968 1892 pr.
989 1833 1027 1872 m.

363 1933 391 1974 v.
414 1917 475 1974 219
503 1913 535 1973 in
554 1903 719 1995 ’ntxcoqsiv
736 1934 763 1974 ω
785 1915 816 1974 in
839 1935 869 1976 ει
889 1916 1039 1976 mutatum
1057 1934 1077 1975 a
1094 1936 1132 1976 m.
1154 1922 1213 1978 ant

362 2035 391 2075 v.
412 2017 475 2076 320
502 2015 535 2074 in
556 2009 705 2101 ἃλάλημα
725 2037 814 2079 erasa
835 2017 933 2098 prima
953 2019 1067 2080 vocalis
1087 2040 1117 2080 α.

362 2138 392 2209 r.
412 2121 475 2180 929
502 2137 594 2197 super
613 2105 658 2200 ᾦν
678 2115 767 2182 δοκεῖ
787 2121 933 2202 seriptum
954 2115 992 2206 ἢν
1012 2119 1099 2205 δοκῇ.

361 2242 389 2282 v.
412 2223 475 2282 944
503 2221 535 2280 in
555 2213 751 2305 ἀμφιβαλών
772 2243 865 2304 snper
887 2244 931 2285 co:
955 2243 973 2284 o
996 2227 1106 2284 exstat

362 2344 390 2384 v.
414 2327 476 2386 394
504 2323 584 2384 inter
604 2318 705 2406 ὅρκων
727 2329 759 2388 et
779 2321 873 2409 ὅρκου
893 2326 1045 2416 haesitare
1066 2326 1194 2388 videtur.

360 2445 389 2486 v.
411 2429 475 2488 557
501 2421 559 2504 μὲν
582 2419 645 2521 yod
675 2428 707 2488 in
734 2422 844 2509 μέντοι
876 2434 1042 2509 mutatum,
1071 2450 1148 2513 quae
1178 2427 1299 2509 quidam
1325 2425 1414 2488 lectio

504 2549 563 2590 non
582 2532 741 2611 tantopere
763 2532 864 2594 differt
887 2554 906 2595 a
928 2536 1020 2613 reeta,
1038 2553 1127 2614 quarn
1148 2531 1309 2592 scholiasta
1330 2548 1415 2610 prae-

504 2634 568 2695 het:
590 2629 649 2712 μὲν
673 2626 735 2696 σοί.

363 2755 391 2796 r.
414 2739 476 2796 619
504 2731 692 2823 προσαύσῃτ
721 2737 834 2799 ultimis
857 2739 967 2800 litteris
991 2737 1227 2819 superscriptum
1255 2755 1332 2796 am.
1355 2738 1415 2796 ant

504 2830 588 2922 αἴρει
610 2841 628 2900 i.
651 2860 676 2901 e.
698 2832 882 2922 προσαίρει.

278 2963 281 2969 ’
359 2963 387 3002 v.
413 2946 475 3004 684
498 2938 683 3026 χρημάτων
706 2962 799 3023 super
817 2962 865 3024 χρ.
888 2942 1033 3020 scriptum
1055 2963 1101 3004 κτ,
1122 2942 1141 3002 i.
1164 2963 1188 3002 e.
1212 2936 1387 3027 κτημάτων.

362 3065 389 3105 v.
412 3049 475 3108 688
502 3067 595 3128 super
617 3045 676 3108 σοῦ
697 3042 718 3108 ἱ.
741 3047 771 3124 (i.
787 3040 813 3106 d.
833 3037 900 3142 qod
923 3044 1068 3125 scriptum
1085 3043 1163 3104 male
1185 3064 1210 3105 a
1229 3064 1267 3104 m.
1285 3064 1330 3124 pr.

408 3209 511 3289 Atque
534 3231 573 3270 ex
596 3211 642 3272 his
674 3211 810 3272 omnibus
839 3227 900 3270 una
920 3210 1008 3270 modo
1037 3207 1189 3269 adnotatio
1211 3208 1249 3266 ab
1269 3205 1412 3285 antiquae

306 3330 411 3372 manus
436 3313 535 3374 indole
563 3314 723 3376 abhorrere
750 3312 887 3387 videtur,
918 3313 999 3391 quod
1023 3331 1052 3371 v.
1077 3314 1138 3371 187
1169 3329 1262 3390 super
1289 3303 1412 3386 χθονὸς

306 3415 449 3496 seriptum
472 3415 642 3477 invenimus
670 3410 811 3490 πόλεως,
839 3415 950 3495 quippe
979 3415 1057 3494 quod
1078 3413 1173 3475 multo
1200 3410 1298 3490 magis
1327 3411 1410 3472 scho

304 3521 411 3582 liestae
440 3521 491 3581 vel
519 3517 654 3580 cuiusvis
687 3517 861 3598 interpretis
891 3516 1069 3596 sapientiam
1097 3517 1233 3577 redolere
1262 3515 1409 3576 rideatur.

305 3623 422 3694 Quodsi
443 3624 500 3684 hoe
522 3641 540 3682 a
561 3623 669 3682 nutura
688 3621 769 3682 illius
792 3619 907 3680 librarii
925 3620 1080 3695 abhorret,
1101 3622 1136 3679 ut
1157 3619 1298 3680 abhorret
1317 3619 1410 3691 certa,

303 3725 433 3786 dubitari
454 3745 513 3786 non
536 3725 638 3805 potest
659 3724 731 3802 quin
762 3729 815 3784 aut
840 3722 908 3802 ipse
939 3723 1037 3782 scriba
1064 3721 1173 3782 mirum
1193 3720 1341 3802 quendam
1362 3738 1408 3780 er·
1493 3797 1499 3808 ,

303 3827 417 3890 raverit
438 3847 571 3890 errorem
591 3829 645 3890 aut
664 3829 721 3888 hoc
742 3827 806 3887 loco
828 3825 906 3886 oculi
928 3824 1101 3887 collatorem
1116 3823 1289 3903 deceperint
1308 3841 1407 3903 neque

186 3997 190 4004 ,
301 3930 376 3992 illud
403 3931 442 3990 ad
473 3929 624 4010 antiquam
651 3949 772 3992 manum
800 3928 991 3992 referendum
1017 3927 1064 3989 sit
1116 3926 1201 3986 Haeo
1221 3923 1322 4016 igitur
1355 3945 1408 3987 res

302 4034 461 4094 admodum
483 4032 574 4093 dubia
595 4051 630 4092 ac
650 4031 720 4092 talis
747 4038 808 4113 est,
839 4051 916 4112 quae
944 4051 1004 4093 nou
1028 4029 1125 4111 possit
1151 4029 1210 4090 nisi
1239 4028 1407 4106 abelleno,

301 4134 353 4216 qui
376 4134 487 4196 iterum
513 4136 593 4196 hunc
619 4135 718 4196 locum
742 4133 774 4196 in
802 4134 866 4196 cod.
895 4133 1080 4214 inspexerit,
1109 4131 1214 4193 dirimi.
1268 4130 1311 4193 Et
1337 4134 1408 4214 post

301 4238 381 4298 hunc
400 4236 555 4300 librarium
582 4235 728 4318 proximis
750 4234 879 4298 saeculis
901 4235 1129 4316 insequentibus
1150 4237 1214 4297 tres
1236 4233 1287 4295 alii
1309 4253 1406 4295 corre·

301 4343 399 4402 ctores
422 4341 615 4403 emendandis
636 4341 745 4402 fabulis
772 4357 895 4421 operam
907 4343 1070 4414 naverunt,
1091 4357 1219 4418 quorum
1238 4356 1352 4414 manus
1370 4335 1406 4396 ut

301 4463 360 4506 non
380 4445 467 4508 facile
493 4444 640 4525 distingui
659 4447 787 4528 possunt
809 4444 852 4508 ita
878 4443 991 4506 nullam
1016 4441 1080 4504 fere
1104 4443 1159 4504 aut
1185 4459 1246 4503 non
1267 4455 1408 4518 magnam
