3584 5292
326 621 328 626 ,
391 539 471 633 νο
836 495 891 626 r‘f.
920 542 962 625 t.

346 759 350 763 ’
394 752 546 834 adscripta
574 752 628 813 aut
657 747 790 814 omnium
823 749 951 813 aliorum
978 747 1195 829 exemplarium
1229 755 1283 812 aut
1309 738 1399 814 unius
1435 745 1511 818 alte·
1625 822 1626 841 ἶ

395 858 500 920 musve
522 852 704 934 apographi:

483 977 513 1020 v.
536 959 578 1016 10
600 949 754 1033 κατείχετ’
779 941 845 1032 dci]
869 947 995 1028 κατεῖχ’.
1022 981 1059 994 -
1095 973 1116 1012 v
1139 958 1182 1014 24
1205 947 1329 1037 κλύοις]
1349 952 1450 1040 adips,
1468 993 1512 1004 -
1627 1044 1628 1047 Ἴ

396 1079 425 1122 v.
445 1063 486 1123 55
516 1055 703 1143 ἐκκλέψηις]
727 1049 907 1138 ἐκκλέψας.
928 1087 973 1099 -·
1014 1073 1043 1113 v.
1067 1059 1106 1116 61
1148 1052 1246 1142 μόνην
1271 1058 1316 1140 δ’]
1338 1055 1444 1144 μόνην,
1466 1094 1505 1106 ..

398 1183 427 1227 v.
451 1165 490 1226 81
521 1163 569 1242 τι]
596 1183 654 1224 τοι.
678 1195 718 1204 -
767 1179 798 1218 v.
819 1160 880 1218 103
912 1150 1088 1239 πείθηται]
1119 1152 1273 1242 πίθηται.
1303 1197 1346 1208 --
1395 1185 1424 1226 v,
1449 1169 1512 1226 116
1629 1195 1630 1226 ,

399 1260 561 1351 θηρατέον]
583 1254 718 1347 δηροτέ)
739 1251 795 1324 otio
816 1253 980 1344 (θηρατέον
1001 1258 1074 1339 γοὶν
1090 1259 1156 1320 Par.
1173 1259 1223 1338 A.)
1242 1296 1288 1308 -
1332 1271 1434 1328 crac
1458 1265 1514 1330 δο·
1630 1292 1631 1295 “

399 1365 466 1451 τῆν’
497 1359 563 1444 ἔτι]
595 1359 711 1448 δοκῆτε
741 1385 784 1427 τι.
813 1397 858 1408 -
908 1383 937 1422 v.
962 1364 1023 1422 135
1053 1356 1199 1424 δέσποτα
1226 1361 1282 1442 μ’]
1311 1385 1352 1442 με
1378 1362 1513 1430 δέσποτ’

402 1468 572 1531 machmas
594 1501 639 1512 -
688 1487 716 1529 v.
740 1471 800 1526 241
830 1455 922 1526 οἷσθ’
945 1456 1021 1548 ἤδη]
1043 1452 1148 1525 οἶσθα
1174 1456 1214 1548 δή
1235 1464 1446 1530 Paris-2712.
1475 1503 1513 1517 -

400 1593 429 1633 v.
453 1577 515 1632 266
545 1570 601 1655 τῆς
624 1567 673 1647 δ’]
696 1568 759 1653 τῆς.
785 1604 830 1612 -
878 1589 908 1628 v.
937 1573 1000 1630 267
1030 1555 1147 1648 ἀγρίῳ]
1176 1567 1306 1627 fortasse
1337 1571 1450 1630 rectius
1477 1591 1512 1634 se

399 1676 491 1738 babet
528 1672 696 1752 scriptura,
732 1683 822 1752 quam
855 1670 1038 1732 Eustethius
1073 1669 1213 1729 exhibet:
1251 1663 1388 1753 φοινίῳ,
1419 1691 1513 1750 quum

400 1777 501 1859 paullo
523 1774 673 1836 aniciam
702 1757 783 1835 idem
804 1761 901 1858 ἀγρίᾳ
921 1775 1036 1835 dictum
1057 1773 1104 1833 sit.
1135 1809 1179 1819 —
1225 1794 1257 1837 ¹v.
1281 1775 1343 1833 286
1367 1761 1439 1851 οὖν]
1461 1768 1511 1857 δή,

403 1880 483 1963 quod
507 1879 651 1941 omissum
672 1879 739 1938 erat
765 1880 835 1940 ante
856 1879 1109 1958 praepositionem
1132 1867 1204 1953 doti,-
1230 1874 1353 1956 saepius
1372 1875 1451 1934 enim
1469 1875 1514 1949 fit,

403 1989 439 2047 ut
463 1986 496 2046 in
520 1983 671 2046 codicibus
698 1981 844 2041 uocabula
869 1981 1017 2058 quaedam
1046 1982 1101 2040 aut
1131 1979 1269 2057 singulae
1300 1977 1435 2056 syllabae
1461 1979 1515 2037 aut
1570 2043 1574 2051 ¹

403 2092 474 2152 ante
496 2088 608 2149 similes
632 2084 750 2144 litteras
778 2087 831 2144 aut
851 2086 923 2162 post
944 2102 998 2144 eas
1018 2083 1107 2163 plane
1126 2083 1343 2161 neglegantur,
1370 2079 1457 2140 velut
1483 2080 1515 2140 in

404 2196 434 2255 Γ
456 2191 530 2252 Phil
560 2207 609 2250 vv.
632 2189 693 2246 794
716 2189 748 2245 et
770 2188 830 2245 795
857 2177 898 2244 ib
926 2185 1070 2245 omissum
1099 2187 1169 2245 ante
1197 2175 1271 2244 ἀντὶ
1296 2184 1330 2241 et
1357 2177 1415 2265 τὴν
1442 2186 1514 2263 post

403 2286 515 2379 τήνδες
542 2311 571 2352 v.
594 2291 655 2350 123
685 2288 786 2348 exstat
813 2285 845 2345 in
870 2289 901 2348 Γ
925 2279 1027 2365 μένων
1050 2281 1169 2347 ἐκεῖνον
1197 2303 1252 2365 pro
1282 2302 1357 2344 vera
1384 2285 1513 2350 lectione

405 2389 510 2475 μένων
530 2413 582 2453 νυν
604 2391 714 2452 κεῖνον.
757 2408 785 2449 u.
812 2392 874 2451 788
897 2391 928 2450 Γ
952 2388 1052 2449 omisit
1078 2407 1135 2465 μοι
1155 2393 1227 2468 post
1253 2379 1339 2465 ὤμοι
1366 2386 1432 2447 sive
1461 2378 1513 2449 οἴἡ

405 2515 472 2575 μοι.
534 2493 609 2555 Οεδ.
639 2493 676 2553 It.
706 2496 746 2553 66
777 2512 818 2565 με
853 2486 954 2546 omisit
984 2492 1015 2549 Γ
1043 2492 1113 2569 post
1145 2485 1214 2569 μέν,
1255 2490 1326 2550 ibid.
1354 2495 1417 2553 137
1453 2485 1513 2572 γὰρ

405 2601 475 2679 post
496 2590 586 2679 ὑπέρ,
615 2595 684 2657 ibid.
707 2609 735 2650 v.
760 2591 823 2650 284
845 2585 883 2672 δὴ
906 2594 976 2660 aute
998 2587 1165 2671 δειμάτων.
1194 2591 1262 2652 ibid.
1283 2613 1311 2654 v.
1336 2597 1399 2655 378
1413 2597 1513 2655 rorico

402 2687 592 2778 ’ξετιρήματα
611 2713 666 2772 pro
688 2693 791 2752 ταῦτα
811 2680 1039 2775 τάξευρήματα.
1086 2693 1154 2753 ibid.
1176 2714 1204 2753 ν.
1226 2699 1287 2754 717
1312 2691 1350 2757 δὲ
1369 2697 1514 2757 omissum

404 2799 475 2878 post
504 2791 636 2866 παῖδας.
686 2791 755 2852 ibid.
785 2811 813 2850 v.
835 2794 898 2850 899
930 2787 986 2853 τὸν
1013 2793 1157 2854 omissum
1184 2798 1255 2876 post
1280 2784 1395 2858 οὐκέτι.
1442 2798 1513 2858 ibid.

405 2917 434 2960 v.
458 2900 520 2958 968
542 2892 582 2980 δὴ
604 2897 674 2956 aute
695 2897 765 2978 γῆς,
789 2895 820 2954 et
841 2914 870 2957 v.
887 2899 971 2956 1016
992 2902 1064 2978 post
1083 2889 1174 2960 οὐδὲν
1196 2891 1231 2958 ἐν
1250 2899 1378 2976 excidit,
1400 2904 1433 2961 et
1454 2901 1514 2961 alia

404 3000 583 3064 huiusmodi.
626 2997 734 3076 Itaque
762 3015 823 3056 nou
852 2998 960 3058 mirum
988 3001 1068 3078 quod
1094 3001 1230 3062 nonnulli
1259 3023 1382 3080 versus,
1410 3021 1513 3083 qnam·

405 3123 495 3186 quam
515 3106 623 3184 postea
644 3120 663 3160 a
684 3100 812 3161 librariis
836 3100 925 3159 metri
950 3120 1043 3162 causa
1061 3103 1161 3183 aliquo
1190 3106 1284 3164 verbo
1312 3105 1413 3166 addito
1442 3125 1512 3187 sup·
1559 3127 1564 3136 ·

402 3209 480 3288 preti
503 3208 588 3280 sunt,
616 3204 707 3265 etiam
734 3221 813 3262 nunc
835 3207 949 3262 rectam
979 3205 1219 3266 emendationem
1239 3208 1291 3267 vel
1319 3208 1419 3286 potius
1442 3227 1512 3289 sup·

404 3310 589 3388 plemeutum
610 3306 783 3368 desiderare
803 3303 953 3364 videntur.
996 3304 1090 3366 Velut
1111 3293 1184 3367 Phil.
1207 3327 1236 3368 v.
1260 3310 1323 3368 950
1343 3309 1514 3386 Turnebus,

406 3411 442 3470 ut
465 3414 594 3470 metrum
613 3410 766 3485 integrum
786 3405 977 3481 restitueret,
1003 3394 1071 3470 ἀλλ’
1100 3410 1216 3471 addidit
1236 3411 1440 3492 scriptumque
1459 3431 1512 3473 uo·

404 3511 476 3574 luit:
504 3499 574 3574 ἀλλ’
596 3499 738 3584 ἀπόδος·
769 3496 852 3571 ἀλλὰ
872 3513 925 3570 νῦν
945 3502 988 3570 ἔτ’
1010 3504 1044 3571 ἐν
1072 3516 1178 3594 uuordo
1199 3513 1296 3594 γενοῦ.
1345 3511 1420 3574 Mihi
1439 3533 1514 3575 vero

405 3617 488 3680 illam
509 3613 654 3696 peccandi
683 3613 830 3674 rationem
857 3612 1058 3674 consideranti
1092 3615 1187 3675 multo
1214 3615 1313 3693 magis
1341 3616 1458 3697 placet,
1486 3618 1513 3678 si

406 3718 564 3780 scribimus
590 3706 717 3790 ἀπόδος
742 3709 812 3789 δός·
846 3705 928 3774 ἀλλὰ
958 3708 1023 3774 κτέ.
1082 3712 1139 3790 δὸς
1173 3718 1253 3778 enim
1280 3719 1351 3796 post
1385 3705 1513 3792 ἀπόδος

404 3821 499 3882 multo
520 3819 637 3882 facilius
661 3817 838 3880 intercidere
861 3816 998 3896 potuisse
1019 3837 1109 3895 qnam
1126 3819 1209 3881 initio
1231 3839 1341 3882 vorsus
1370 3810 1438 3882 ἀλλ’
1459 3839 1511 3901 ap·

404 3927 500 4002 paret.
527 3923 636 4003 Neque
660 3919 812 3982 dissimilis
834 3920 907 3980 mihi
928 3922 1071 3982 correctio
1090 3921 1191 3984 Aiacis
1208 3924 1236 3984 ν’.
1259 3927 1322 3984 384
1343 3924 1512 3986 adhibenda

405 4043 474 4084 esse
492 4025 627 4098 videtin:
649 4025 807 4106 dummodo
832 4024 912 4086 euim
935 4026 1103 4087 trimetrum
1126 4027 1183 4089 hoc
1209 4026 1275 4086 loco
1300 4044 1512 4104 agnoscamus,

403 4124 485 4187 haud
506 4123 664 4186 difficulter
686 4128 894 4189 detruncatum
919 4131 1006 4208 quasi
1027 4147 1165 4204 versum,
1194 4129 1283 4188 sicuti
1306 4128 1340 4188 iu
1360 4129 1512 4192 codicibus

403 4227 577 4290 exhibetur:
597 4220 703 4305 ἴδοιμί,
724 4250 790 4305 νιν,
821 4223 942 4313 καίπερ
962 4218 1018 4293 ὧδ’
1039 4222 1214 4309 ἀτώμενος,
1245 4230 1277 4292 in
1299 4235 1412 4292 rectam
1432 4231 1510 4292 intc-

404 4347 548 4411 gramque
575 4329 700 4390 formam
729 4330 868 4407 redigas:
896 4324 1002 4411 ἴδοιμι
1027 4335 1080 4393 νῖν
1106 4353 1168 4408 νιν,
1199 4325 1319 4416 καίπερ
1348 4321 1404 4396 ὧδ’
1423 4327 1511 4396 ricoi-
1575 4372 1580 4379 ·

401 4451 503 4510 μενος.
526 4467 568 4478 -
611 4430 672 4492 Sed
694 4449 733 4492 ne
758 4432 872 4493 diutius
895 4433 1130 4497 enumerationis
1159 4453 1246 4496 meae
1265 4454 1387 4498 cursum
1416 4437 1509 4500 inter·
