3584 5292
732 511 862 616 stad,
1395 514 1431 599 ’9

430 721 475 783 At
489 722 780 785 numerueiooorum
794 741 908 798 eorum,
928 721 980 802 qui
1001 720 1039 782 ab
1054 717 1084 782 S.
1098 718 1229 781 maxime
1242 707 1437 802 probabiliter

330 823 480 886 emendati
506 823 750 903 assentientur,
775 825 869 888 multo
897 823 1045 906 eopiosior
1065 822 1121 884 eet.
1166 820 1244 893 Quis
1267 822 1363 904 igdtur
1381 824 1437 887 eibi

329 926 513 1009 persuadere
532 929 634 1009 potest
653 927 782 989 eundem
799 929 909 1004 virum,
927 946 1016 1009 quem
1035 925 1124 987 modo
1142 924 1186 988 ita
1203 925 1438 992 hallucinantem

329 1030 474 1110 vidimus,
496 1031 587 1092 etiem
609 1031 693 1092 tanto
714 1028 829 1110 ingenii
850 1029 986 1092 aoumine
1005 1028 1116 1107 fuisse,
1144 1031 1180 1091 ut
1212 1049 1265 1092 eae
1287 1030 1437 1094 oonieotu·

329 1153 380 1196 rae
400 1134 523 1212 feeerit,
550 1152 628 1214 quae
657 1151 804 1196 summam
830 1131 1021 1214 prudentiam
1042 1133 1133 1213 atque
1152 1133 1350 1221 eagaoitatem
1367 1154 1436 1217 pro-

330 1237 455 1299 derent?
498 1235 702 1309 Quamobrem
731 1234 826 1296 multo
855 1235 921 1296 veri
948 1233 1076 1295 similius
1105 1253 1175 1296 esee
1202 1236 1275 1299 mibi
1306 1237 1437 1318 videtur,
1566 1298 1569 1306 ,

328 1340 384 1402 hae
403 1360 507 1404 omnes
538 1357 578 1400 ex
599 1337 657 1400 alio
685 1337 887 1420 manuscripto
908 1337 1059 1419 profectae
1082 1354 1166 1416 eree,
1197 1338 1247 1400 oui
1267 1340 1352 1403 nulla
1373 1341 1438 1403 iere

328 1445 521 1507 neeeseitudo
550 1460 619 1504 eum
647 1440 850 1504 Laurentiano
879 1438 910 1500 A
941 1439 1164 1517 interoeeeerit,
1196 1443 1252 1504 sed
1276 1444 1327 1526 qui
1357 1445 1435 1507 alius

330 1547 459 1610 femrliae
478 1547 609 1609 indolem
632 1547 724 1627 atque
740 1548 879 1608 naturam
901 1560 975 1624 prae
996 1543 1162 1604 retulerit
1206 1544 1297 1617 Quod
1318 1548 1438 1630 quidem

327 1649 422 1712 multo
443 1649 541 1730 magis
569 1649 714 1726 elucebit,
744 1648 771 1710 si
802 1666 839 1709 ea
867 1645 984 1721 omnia,
1013 1663 1091 1724 quae
1120 1645 1158 1707 ab
1187 1643 1234 1724 S„
1260 1650 1304 1739 ut·
1323 1649 1436 1730 dieunt,

329 1751 487 1814 emendata
506 1755 592 1833 eunt,
614 1772 655 1814 ex
677 1770 739 1813 una
759 1750 848 1813 modo
869 1749 971 1812 fabula
989 1745 1162 1828 Antigonae
1179 1754 1325 1831 congesta
1346 1753 1435 1816 dede·

328 1853 429 1916 rimus.
471 1852 574 1938 Atque
594 1853 735 1936 graviora
755 1853 843 1916 modo
861 1850 1001 1913 attulisse
1020 1851 1093 1912 mibi
1112 1851 1187 1912 eatis
1210 1852 1275 1914 erit.

380 2052 409 2094 v.
429 2035 471 2095 40
521 2034 678 2113 vulgatam
697 2033 856 2097 lectionem
885 2022 1122 2118 ἢθιίνττονσα,
1152 2050 1230 2110 quae
1259 2032 1340 2094 omni
1368 2052 1435 2096 een-

523 2137 618 2199 tentia
640 2140 738 2215 earet,
765 2135 899 2199 correxit
920 2133 951 2198 S.
974 2136 1006 2196 in
1023 2126 1045 2218 ἢ
1063 2123 1262 2219 'minionem

378 2291 406 2334 v.
429 2274 492 2334 154
520 2265 664 2350 &latitem
690 2292 710 2335 a
740 2271 893 2354 plerisque
920 2270 1031 2333 orilioie
1058 2289 1099 2332 ex
1125 2269 1156 2332 S.
1183 2269 1375 2342 adnotatione
1403 2272 1436 2336 in

524 2368 698 2453 ἐλελίχθων
717 2377 867 2454 mutatur,
888 2373 969 2456 quod
989 2372 1082 2436 etiam
1103 2372 1216 2434 eebolia
1233 2375 1370 2455 probant

378 2528 407 2570 v.
429 2512 493 2571 210
523 2529 578 2592 pro
607 2504 644 2574 ἐκ
672 2504 799 2594 βέμοῦ
827 2509 856 2573 S.
880 2509 1025 2590 seriptum
1049 2507 1133 2569 vult:
1165 2500 1203 2584 ἐξ
1231 2501 1330 2596 ἐμοῦ,1
1357 2511 1436 2593 qnod
1501 2598 1503 2601 Ι

522 2612 658 2695 plerique
679 2615 811 2678 editores
834 2613 866 2674 in
886 2614 1007 2674 textum
1023 2610 1211 2691 receperunt

379 2768 409 2809 v.
424 2752 495 2812 Ι264
524 2739 602 2835 ἦμεν
620 2747 649 2815 d’
672 2743 798 2832 ἑτοῖμοι
821 2745 877 2812 καὶ
897 2739 1036 2832 μύδρους
1057 2737 1159 2831 αίρειν
1176 2746 1284 2830 χεροῖν
1306 2785 1349 2796 -
1370 2742 1436 2814 aot.

522 2844 639 2938 αἴρειν,
672 2854 751 2936 quod
775 2852 804 2916 S.
829 2853 954 2914 adnotat
981 2871 1036 2934 pro
1062 2850 1190 2914 lectione
1212 2852 1322 2916 oodioie
1341 2846 1433 2936 ἐηειν,

523 2957 660 3021 omnibus
681 2957 834 3039 probatur.

379 3112 407 3154 v.
431 3095 494 3155 387
522 3084 557 3154 τί
579 3089 606 3156 δ’
627 3085 714 3172 itm,-
735 3084 1013 3178 ποίηξίμμινρος
1031 3082 1143 3174 ἐξέβην
1163 3079 1258 3175 riam
1285 3090 1373 3153 Hane
1392 3093 1436 3154 le·

374 3197 377 3206 “
522 3195 651 3258 ationem
671 3195 781 3259 oodieis
802 3194 935 3258 eorrem‘t
957 3191 988 3255 S.
1017 3192 1050 3255 in
1070 3185 1217 3278 προῦβην
1238 3213 1294 3277 pro
1315 3188 1434 3282 ἐξέβην,

522 3300 602 3380 quod
625 3299 715 3362 etiam
736 3298 869 3363 scholion
891 3297 1087 3360 commendet

379 3459 407 3500 v.
431 3442 492 3502 392
518 3437 629 3499 oodioie
656 3437 819 3499 lectionem
840 3430 919 3517 παρ’
940 3424 1102 3510 έλπίδαχα
1125 3432 1256 3496 correxit
1279 3430 1309 3496 S.
1329 3433 1361 3496 in
1382 3428 1439 3521 ἐλ-ὶ

522 3532 607 3604 πίδα
624 3536 722 3625 χαρὰ,
747 3557 826 3620 quae
845 3536 935 3598 lectio
947 3535 1161 3598 bauddiffioile
1179 3536 1212 3597 in
1229 3543 1344 3600 reetam
1356 3531 1441 3600 oom-'

521 3643 631 3706 mutari
653 3645 767 3724 potest:
788 3637 865 3725 παρ’
883 3631 1022 3715 ἐλπίδας
1036 3629 1129 3723 χαρά.

379 3821 407 3863 v.
430 3803 494 3864 429
522 3760 626 3883 ὁιψὰίι
642 3791 771 3884 ἐκφέρει
792 3799 888 3880 prima
906 3816 1013 3886 manue
1029 3796 1167 3870 exbibet3
1189 3796 1346 3858 aooentum
1365 3815 1434 3876 gra·

520 3922 590 3966 vem
612 3922 706 3985 super
727 3923 749 3964 α
774 3921 813 3964 m.
838 3920 946 3966 reeens
968 3901 1053 3963 addit
1077 3902 1111 3962 et
1131 3897 1229 3960 eradit
1254 3917 1268 3958 ι
1290 3917 1383 3979 euper
1408 3920 1434 3964 ν.

523 4007 553 4072 S.
583 4007 707 4070 adnotat
735 4023 783 4088 γρ.
809 3997 928 4088 διψίαν
955 3995 1063 4087 φέρει,
1094 3999 1174 4083 quod
1200 4000 1332 4063 maxime
1355 4021 1433 4064 oom-

520 4109 707 4193 probendum
727 4109 782 4170 eet.

377 4268 406 4309 v.
429 4249 492 4310 519
520 4240 609 4328 ὅμως
631 4236 651 4308 ὅ
671 4241 698 4327 β
717 4235 828 4328 Ἅιδης
847 4237 922 4317 τοὺς
943 4231 1059 4322 νόμους
1082 4230 1173 4315 itone
1194 4238 1310 4303 ποθεῖ.
1338 4233 1433 4303 rat.

520 4367 576 4431 pro
596 4342 669 4423 τοὺς
689 4341 807 4429 νόμους
827 4336 967 4426 τούτους,
991 4345 1070 4426 quod
1090 4345 1155 4408 fere
1175 4362 1280 4408 omnee
1301 4343 1433 4406 editores

521 4453 553 4514 in
574 4455 694 4516 textum
712 4454 899 4536 receperunt.
