3584 5292
1363 559 1408 633 25

386 743 455 808 Hae
483 745 578 827 igitur
606 765 710 810 omnes
740 765 815 831 quas
838 739 964 809 enotavi
990 747 1102 811 codicis
1130 755 1162 813 Γ
1188 751 1408 836 discrepantiae

235 911 239 922 ,
298 847 447 914 eiusmodi
467 851 547 930 sunt,
568 854 604 914 ut
624 851 774 914 neminem
795 851 904 932 fugere
924 851 1025 931 possit
1044 851 1177 914 codicem
1192 854 1292 936 ipsum
1317 857 1408 938 plane

299 969 340 1011 ex
361 951 526 1034 archetypo
554 955 665 1018 litteris
689 955 862 1018 maiusculis
883 953 995 1036 scripto
1017 955 1188 1023 derivatum
1209 975 1288 1020 esse.
1328 957 1408 1023 Oan-

298 1053 410 1115 sistunt
430 1055 510 1116 enim
529 1058 709 1120 nouaclum
734 1057 766 1120 in
786 1058 967 1141 permutatis
988 1057 1039 1120 vel
1067 1059 1178 1120 litteris
1200 1062 1252 1123 rel
1273 1062 1408 1144 syllabis,

295 1158 334 1218 nt
353 1159 447 1238 vulgo
470 1162 584 1238 solent,
605 1163 645 1225 A
668 1165 700 1224 et
720 1163 753 1226 Δ
777 1165 811 1224 et
829 1161 885 1239 A,
909 1159 958 1221 ΕΙ
975 1162 1010 1222 et
1028 1160 1079 1240 H,
1106 1159 1136 1222 Θ
1158 1164 1192 1224 et
1214 1162 1256 1242 0,
1284 1165 1356 1226 let
1376 1167 1409 1227 Γ

297 1262 329 1321 et
354 1261 400 1340 T,
430 1262 573 1342 aliisque,
599 1265 654 1326 sed
682 1264 774 1326 etiam
800 1263 832 1326 in
859 1281 1019 1344 perperam
1040 1261 1206 1326 coniunctis
1229 1268 1356 1349 syllabis
1375 1271 1408 1330 et

295 1362 414 1443 verbis,
440 1367 521 1428 unde
550 1385 610 1430 non
638 1367 736 1446 magis
758 1386 837 1430 nova
861 1369 957 1430 verba
976 1384 1066 1444 quam
1087 1367 1169 1428 omni
1189 1369 1339 1432 sententia
1358 1388 1406 1430 ca·

295 1466 395 1527 nentia
410 1468 645 1548 proficiscantur.
681 1471 783 1554 Atque
803 1470 893 1531 huius
916 1468 1037 1548 quidem
1057 1471 1169 1532 erroris
1191 1473 1332 1553 exempla
1342 1472 1409 1550 fere

296 1570 395 1632 omnia
416 1591 456 1632 ex
477 1576 618 1653 quattuor
636 1575 696 1636 illis
718 1574 829 1638 codicis
850 1576 881 1636 Γ
901 1571 1012 1634 sabulis
1033 1591 1128 1652 snpra
1150 1573 1304 1655 descripsi,
1327 1574 1407 1655 quod

295 1691 332 1734 ee
352 1672 419 1753 ipsa
441 1676 602 1755 plurimum
623 1677 662 1738 ad
677 1676 825 1739 Dindorfii
844 1674 1027 1736 sententiam
1038 1675 1283 1755 redarguendam
1302 1679 1408 1743 valere

294 1776 514 1842 existimarem:
534 1779 584 1841 eui
604 1799 691 1842 nemo
713 1780 774 1842 iam
794 1779 886 1842 fidem
906 1777 1018 1838 habere
1039 1781 1151 1857 potest,
1170 1781 1230 1842 nisi
1250 1781 1328 1844 forte
1350 1803 1406 1863 pu-

294 1883 340 1942 tat
361 1881 471 1944 codicis
492 1886 524 1944 Γ
541 1883 696 1946 librarium
718 1884 771 1945 aut
795 1885 949 1964 tanquam
976 1880 1142 1942 occaecatis
1172 1883 1268 1946 oculis
1295 1885 1407 1946 descri-

293 1984 393 2065 psisse
413 1987 466 2047 aut
487 1986 686 2048 somniantem
707 1985 884 2048 correxisse.

382 2086 469 2158 Quae
497 2109 589 2169 quum
616 2089 660 2152 ita
688 2089 764 2166 sint,
793 2107 874 2150 nune
901 2084 1077 2167 Lipsianam
1104 2083 1187 2147 illam
1206 2084 1407 2167 sententiam,

292 2189 425 2252 codicem
446 2195 477 2252 Γ
499 2211 539 2252 ex
560 2193 666 2254 eudem
685 2194 859 2274 archetypo,
881 2209 922 2252 ex
942 2209 1001 2270 quo
1015 2188 1253 2270 Laurentianum
1267 2189 1308 2250 A
1327 2187 1405 2250 deri-

291 2295 397 2354 vatum
417 2313 501 2371 esse,
522 2296 642 2375 paucis,
660 2296 686 2356 si
707 2297 814 2377 placet,
838 2294 1073 2356 consideremus.
1111 2290 1199 2362 Quae
1217 2291 1346 2373 quidem,
1370 2292 1406 2368 si,

290 2396 435 2478 quidquid
456 2398 554 2458 adhuc
572 2396 603 2457 in
625 2399 682 2460 hac
703 2399 907 2481 disputatione
920 2396 1184 2458 commemoratrm
1206 2397 1264 2471 est,
1286 2398 1406 2476 specta·

290 2517 367 2577 mus,
385 2501 468 2561 recte
489 2499 666 2562 videturne
686 2502 807 2564 habere.
841 2501 1060 2564 Verumtamen
1081 2500 1205 2560 exstant
1222 2499 1318 2560 multo
1338 2499 1405 2579 plu-

293 2620 343 2661 res
363 2601 428 2680 looi,
451 2603 559 2682 quibus
582 2623 643 2667 non
665 2607 727 2666 tam
748 2603 940 2666 necessitudo
964 2606 1017 2665 ant
1038 2599 1211 2677 similitudo,
1232 2619 1308 2682 quae
1323 2601 1407 2662 inter
1462 2685 1468 2694 Ι

292 2706 453 2784 utrumque
474 2706 658 2785 intercedat,
681 2727 772 2789 quam
792 2707 955 2769 diversitas
978 2705 1098 2788 probari
1120 2703 1225 2785 possit
1268 2702 1405 2774 Quorum

291 2808 422 2869 omnium
445 2811 590 2890 originem
611 2814 692 2873 unde
712 2815 803 2894 putas
820 2811 988 2872 ducendam
1005 2811 1093 2871 esse?
1120 2808 1172 2869 An
1185 2825 1289 2870 omues
1302 2806 1406 2870 lectio·

291 2929 363 2987 nes,
388 2913 495 2992 quibus
524 2915 614 2977 Laur.
643 2921 674 2979 Γ
696 2918 733 2977 ab
754 2915 795 2977 A
823 2915 913 2994 plane
941 2913 1057 2993 differt,
1086 2915 1153 2974 sive
1182 2927 1347 2991 perversae
1373 2911 1407 2970 et

292 3021 448 3096 corruptae
472 3017 536 3080 sive
558 3020 734 3082 emendatae
758 3021 789 3080 et
809 3018 962 3078 correctae
984 3015 1054 3092 sint,
1077 3016 1138 3075 iam
1160 3011 1292 3091 antiquis
1313 3013 1405 3073 libra·

290 3115 344 3178 riis
364 3117 538 3182 tribuendas
560 3142 629 3183 esse
650 3125 759 3204 putas?
796 3119 839 3182 At
860 3121 980 3182 illorum
1000 3131 1122 3199 operam
1138 3134 1198 3178 uon
1216 3113 1293 3176 tanti
1313 3113 1406 3174 aesti-

291 3222 430 3282 mandam
451 3242 520 3285 esse
543 3229 678 3301 constat,
708 3228 744 3288 ut
767 3224 901 3286 studium
922 3241 975 3284 eos
998 3241 1058 3282 non
1080 3220 1179 3280 solum
1199 3216 1405 3280 describendis

290 3323 399 3416 fabulis
422 3309 483 3386 sedr
504 3327 595 3388 etiam
615 3329 809 3390 emendandis
839 3329 871 3388 et
893 3324 1080 3403 corrigendis
1102 3339 1232 3384 navasse
1252 3323 1405 3401 putemus,

293 3427 351 3488 etsi
371 3429 431 3490 hue
451 3430 524 3491 illuc
546 3432 583 3492 ab
614 3433 652 3494 iis
672 3433 747 3513 ipsis
769 3431 915 3513 parvulae
936 3427 1082 3507 quasdam
1102 3428 1134 3488 et
1152 3425 1284 3486 minutas
1306 3443 1405 3486 corre·

292 3529 407 3592 stiones
432 3532 533 3594 illatas
562 3554 631 3596 esse
658 3553 718 3596 non
738 3553 894 3612 negamus.
937 3532 981 3592 Et
1002 3532 1091 3592 aliam
1117 3527 1288 3610 explicandi
1315 3527 1405 3588 ratio·

291 3651 362 3694 uem
388 3634 456 3716 ipse
484 3635 588 3700 Herm.
616 3638 721 3700 Idstus
751 3637 873 3718 lripsius
902 3635 1088 3715 ingreditur,
1119 3651 1211 3713 quum
1236 3633 1312 3692 haec
1340 3631 1406 3690 lere

292 3737 420 3818 profert,
457 3741 537 3800 unde
567 3743 638 3804 illae
667 3743 771 3804 variae
802 3739 948 3808 lectiones
973 3741 1099 3800 exortae
1125 3735 1201 3809 sint,
1227 3751 1288 3793 non
1316 3732 1406 3792 aliter

293 3859 327 3899 se
357 3841 499 3921 expedire
534 3863 626 3925 posse
663 3845 721 3906 nisi
752 3865 791 3906 ex
822 3843 918 3925 ipsius
948 3840 1106 3921 archetypi
1133 3835 1198 3898 MS.
1221 3835 1339 3898 ratione
1368 3854 1404 3897 ao

293 3943 416 4017 natura3
447 3945 517 4006 inde
539 3948 619 4008 anim
644 3948 704 4009 iam
732 3948 807 4010 illud
828 3947 915 4008 nobis
936 3944 1114 4006 concludere
1136 3942 1227 4002 licere
1247 3941 1281 4001 in
1302 3941 1405 4002 arohe-

293 4047 369 4128 typo
399 4051 564 4132 exemplari
584 4069 726 4130 magnam
752 4049 905 4112 variarum
921 4045 1084 4108 lectionum
1108 4042 1290 4124 adscriptam
1310 4044 1406 4106 fnisse

293 4149 531 4229 multitudinem,
555 4171 682 4234 quarum
712 4154 743 4214 in
771 4149 924 4232 germanis
954 4147 1102 4228 eligendis
1129 4147 1269 4210 librarius
1294 4147 1406 4210 codicis

295 4253 326 4314 Γ
345 4254 465 4335 saepius
488 4259 642 4319 erraverit.
697 4255 790 4320 Cuius
811 4252 981 4315 sententiae
1000 4251 1064 4313 vim
1090 4252 1127 4311 nt
1148 4249 1317 4312 accuratius
1338 4268 1406 4330 per·

296 4355 412 4437 spicere
440 4360 606 4439 possimus,
645 4359 741 4440 qualis
770 4360 824 4435 sit,
857 4357 1011 4418 variarum
1036 4354 1198 4416 lectionum
1223 4352 1351 4417 indicem
1380 4351 1407 4412 si
1437 4401 1441 4406 .

296 4478 356 4521 non
384 4481 424 4522 ex
455 4464 591 4526 omnibus
621 4469 653 4526 at
681 4484 722 4526 ex
746 4483 806 4525 nna
834 4461 936 4524 sabula
962 4458 1124 4544 repetitum
1154 4457 1231 4520 infra
1259 4473 1406 4538 ponamus
1518 4490 1523 4498 ·
