3584 5292
395 583 437 650 34
482 569 488 577 “
835 565 925 650 (rii

483 793 512 833 v.
536 773 598 832 944
622 764 652 834 εἰ
672 767 716 856 μὴ
739 766 821 855 λέγω
844 759 1003 854 τάληθές,
1024 759 1105 846 ἀξιῶ
1127 772 1253 842 θανεῖν.
1285 773 1369 838 Haec
1391 777 1507 840 sineere

397 882 447 938 est
460 877 611 957 scriptura
624 874 734 936 eodieis
750 879 789 953 Γ,
811 894 904 956 quum
919 873 1029 935 codicis
1044 873 1188 937 Lanr.·A
1202 876 1292 944 leetio
1306 879 1363 941 hee
1374 880 1440 940 loeo
1456 899 1506 941 ve

398 979 555 1040 hementer
573 977 751 1058 perturbata
767 976 827 1054 sit;
852 976 992 1038 scribitur
1013 977 1108 1038 enim:
1126 971 1156 1039 εἰ
1178 975 1274 1064 δὲμὴ
1296 963 1418 1062 λίνων
1434 973 1505 1063 ἐγώ,

399 1081 501 1144 verbis
522 1073 552 1143 si
575 1073 611 1142 όὲ
631 1075 675 1163 μὴ
696 1077 889 1159 praecedenti
910 1078 1014 1138 versui
1033 1079 1152 1140 additis.

487 1205 516 1244 v.
541 1185 625 1244 1030
647 1179 705 1241 σοῦ
726 1177 763 1260 d’,
792 1169 964 1258 ὦτέκναν,
998 1170 1104 1262 σωτήρ
1126 1199 1161 1261 γε
1184 1181 1230 1264 τῷ
1250 1174 1371 1247 τότ”ἕν
1396 1178 1507 1268 χρόνῳ.

402 1283 449 1349 Δ’
469 1305 488 1346 a
510 1283 664 1344 Dindorfio
686 1282 767 1346 haud
789 1283 897 1344 iniuria
920 1302 974 1364 pro
995 1281 1032 1364 y',
1054 1284 1135 1362 qued
1155 1284 1245 1346 Laur.
1259 1287 1300 1348 A
1313 1287 1445 1366 praebet,
1467 1306 1508 1347 ex

400 1393 432 1451 Γ
453 1389 484 1449 in
507 1388 627 1448 textum
648 1388 804 1465 receptum
825 1387 909 1450 videt
946 1433 952 1448 .

487 1512 516 1551 v.
541 1492 626 1552 1330
647 1480 667 1550 ὃ
689 1484 773 1549 κακὰ
800 1486 900 1551 τελῶν
922 1484 984 1569 ἐμὰ
1011 1479 1079 1549 τόδ’
1108 1480 1170 1567 ἐμὰ
1194 1477 1318 1548 πάθεα.
1370 1488 1408 1548 In
1428 1488 1507 1549 Lau·

399 1595 475 1656 rent.
491 1592 531 1654 A
544 1586 629 1652 κακὰ
651 1591 782 1652 seeundo
800 1592 831 1652 et
851 1585 914 1670 ε’μὰ
933 1591 1028 1671 primo
1045 1589 1111 1650 loeo
1122 1588 1253 1669 pesitum
1268 1589 1379 1650 omissa
1394 1594 1426 1651 et
1442 1594 1508 1650 tum

404 1696 442 1757 ab
462 1713 523 1756 una
544 1712 584 1754 ex
606 1693 822 1772 antiquioribus
844 1693 982 1753 manibus
1003 1691 1107 1752 addita
1128 1695 1213 1766 sunt;
1242 1694 1386 1772 probatur
1406 1697 1509 1756 autem

400 1801 476 1860 haee
499 1796 589 1858 lentie
611 1796 721 1858 codicis
742 1800 774 1858 Γ
795 1797 916 1875 integra
940 1794 1096 1874 scriptura.
1180 1847 1184 1858 .

487 1903 622 1961 v.1373
655 1893 717 1980 ἕνα)
739 1894 798 1981 γὰρ
829 1888 889 1961 erin
918 1887 979 1960 οἶδ’
1000 1890 1142 1977 όμμασιν
1171 1889 1282 1970 ποίοις
1310 1892 1441 1977 βλέπων
1464 1932 1508 1942 ·-

399 1996 528 2086 πατέρα
547 1998 622 2064 ποτ’
643 1994 683 2062 dv
706 1999 874 2084 πραςεῖόαν
894 1993 942 2074 εἰς
958 1993 1068 2062 Ἅιδου
1088 1994 1214 2079 μολὼν,
1237 2035 1281 2044 -
1303 1988 1368 2064 υόό
1389 1990 1430 2063 αὖ
1450 1993 1508 2062 τό·

398 2105 510 2169 λαιναν
528 2098 645 2189 μητέρ’,
667 2089 717 2164 οἷν
739 2098 814 2183 ἐμοὶ
835 2101 925 2166 δυοῖν
945 2137 987 2148 -
1008 2096 1070 2186 ἔρρ)
1093 2097 1165 2168 ἐστὶ
1187 2094 1253 2164 uti.
1296 2103 1333 2164 In
1355 2103 1445 2164 Lanr.
1466 2106 1508 2166 A

401 2212 503 2271 exstat
524 2195 574 2269 οἷν
593 2207 625 2268 in
644 2206 737 2268 litura
756 2225 810 2286 pro
825 2195 881 2268 οόν
902 2208 938 2267 ut
956 2205 1092 2279 videtur;
1113 2209 1143 2266 Γ
1158 2207 1285 2285 praebet
1304 2206 1509 2289 interruptam

398 2312 557 2374 lectionem
576 2297 633 2372 οἷν.

502 2433 531 2473 v.
559 2415 642 2476 1492
668 2397 734 2472 ἀλλ’
758 2400 835 2494 ἡνίκ’
858 2400 897 2470 dv
928 2404 968 2493 δὴ
995 2404 1078 2491 πρὸς
1100 2402 1209 2491 γάμων
1231 2399 1317 2495 ἥκητ’
1338 2402 1443 2490 ἀκμάς
1464 2446 1507 2456 -

397 2508 448 2590 τίς
475 2501 567 2588 οὗτος
595 2506 687 2576 ἔσται
718 2503 781 2574 aad.
831 2511 869 2573 In
901 2512 989 2573 Laur.
1012 2514 1052 2574 A
1080 2531 1135 2592 pro
1163 2509 1204 2597 δὴ
1239 2514 1383 2595 seriptum
1412 2517 1508 2576 esta

397 2617 494 2697 prime
516 2636 607 2678 manu
629 2613 754 2692 όεῖ,·ει
776 2617 811 2676 ut
832 2615 911 2676 solet
939 2618 972 2676 et
999 2637 1019 2698 η
1047 2616 1220 2695 permixtis,
1250 2621 1315 2678 tum
1341 2621 1507 2683 sorrentum

400 2738 418 2780 a
440 2739 531 2780 mann
560 2720 725 2781 recentiore
753 2715 781 2781 δ’
802 2711 840 2801 ἧς
862 2719 959 2778 codex
984 2721 1015 2778 Γ
1036 2724 1120 2778 reete
1139 2721 1265 2800 praebet
1285 2713 1334 2804 δή.
1355 2757 1398 2766 -

486 2821 528 2882 Π.
572 2843 599 2884 v.
623 2825 687 2882 200
708 2814 778 2898 τόν,
811 2808 917 2882 ὤτᾶν
943 2810 1120 2904 πυρφόρων
1143 2857 1187 2867 -
1207 2810 1379 2906 ἀστραπὰν
1406 2816 1507 2909 κράτη

401 2918 519 3003 νέμων,
543 2911 571 2986 ὦ
592 2926 657 2988 Ζεῦ
679 2915 800 3006 πάτερ,
821 2915 887 2985 ὑπὸ
908 2925 956 3004 σῷ
977 2915 1102 3005 φθῖσαν
1125 2929 1273 3008 κεραυνῷ.
1318 2926 1408 2998 Quod
1429 2927 1506 2990 Her—

399 3045 529 3091 mannus
552 3029 641 3090 metri
671 3025 831 3107 supplendi
852 3043 946 3086 eausa
972 3025 1086 3087 addidit
1104 3026 1180 3106 τᾶν,
1209 3028 1240 3089 id
1261 3030 1384 3091 exhibet
1410 3031 1508 3092 eedex

401 3133 432 3192 Γ
443 3131 533 3192 modo
545 3150 688 3212 perverso
698 3130 816 3192 ordine:
831 3131 889 3190 τᾶν
902 3117 929 3189 ὦ
942 3120 1120 3212 πυρφόρων
1134 3151 1188 3210 pro
1202 3121 1229 3194 ὦ
1250 3132 1309 3195 τᾶν
1319 3122 1506 3215 πυρφόρων.

488 3255 517 3295 v.
540 3237 603 3296 463
636 3226 687 3306 τίς
720 3225 817 3294 ὅντιν’
848 3223 870 3292 ἆ
900 3226 1105 3293 assecretem
1134 3231 1260 3318 Δελφίς
1294 3225 1369 3298 εἷπε
1398 3229 1507 3318 πέτρα

401 3328 467 3397 uri.
517 3337 554 3396 In
581 3338 671 3399 Laur.
692 3337 732 3397 A
760 3329 901 3414 eor'rupta
920 3334 1010 3396 lentie
1041 3339 1090 3396 est
1115 3325 1288 3422 ἠδεπέραις
1317 3340 1349 3400 in
1377 3343 1410 3402 Γ
1439 3327 1506 3402 εἶδε

401 3432 523 3521 πέτρα,
551 3439 606 3498 sed
629 3441 667 3500 ab
689 3438 795 3500 eadem
815 3455 908 3498 manu
929 3441 1095 3500 sorrentum
1116 3429 1183 3503 εἶδε
1202 3441 1235 3502 in
1254 3429 1338 3503 εἶπε.

486 3560 514 3604 v.
537 3543 601 3602 598
623 3537 662 3605 τὸ
684 3537 745 3625 γὰρ
766 3540 872 3618 τυχεῖν
894 3527 1002 3613 αὐτοῖς
1023 3534 1113 3602 ἅπαν
1134 3537 1262 3604 ἐπαῖο’
1283 3536 1340 3606 ἔνι.
1360 3577 1405 3588 -
1447 3542 1505 3604 Pro

401 3631 511 3718 αὐτοῖς
530 3637 619 3705 ἅπαν
639 3647 671 3705 in
693 3647 783 3707 Laur.
802 3645 843 3706 A
865 3643 978 3721 legitur
1002 3632 1118 3718 αὐτοῖς
1146 3637 1250 3722 ἅπαν,
1281 3644 1360 3725 qued
1379 3645 1410 3706 in
1435 3664 1505 3725 ape

399 3749 525 3829 graphia
552 3749 661 3828 partim
697 3749 729 3809 in
763 3734 874 3819 αὐτοῖς
903 3738 1011 3823 ἅπαν,
1050 3747 1160 3827 partim
1184 3746 1216 3808 in
1247 3733 1356 3821 αἰτοῖς
1389 3740 1506 3812 ἆπόντ’

399 3853 567 3914 correctum
588 3855 643 3913 est
685 3850 747 3913 Sed
767 3851 861 3912 multe
882 3853 1018 3930 praestat
1038 3850 1188 3930 scriptura
1203 3849 1313 3910 eodieis
1329 3852 1361 3910 Γ
1377 3837 1505 3913 aiveina

399 3959 482 4032 πᾶν,
504 3955 683 4035 praesertim
703 3959 809 4034 qunm‘,
830 3953 857 4013 si
879 3953 935 4014 hoe
955 3953 1100 4033 legimus,
1122 3950 1211 4012 metri
1229 3951 1307 4011 ratio
1329 3952 1505 4014 emendetur

398 4076 496 4138 neque
525 4076 634 4118 versus
665 4058 696 4117 in
725 4057 800 4117 duas
831 4057 974 4135 aequales
999 4059 1102 4136 partes
1129 4055 1296 4130 dividatur,
1322 4075 1413 4134 qnam
1440 4075 1503 4116 rem

399 4179 488 4241 qnam
511 4160 641 4222 maxime
662 4160 794 4221 evitasse
813 4159 920 4238 poetas
942 4161 1067 4219 constat

455 4285 513 4324 ·v.
536 4265 598 4325 657
621 4258 679 4324 τὸν
701 4255 794 4342 ἐναγῆ
823 4253 919 4343 φίλον
942 4253 1061 4345 μήποτ’
1083 4253 1118 4320 ἐν
1137 4251 1228 4342 αἰτίᾳ
1256 4291 1299 4302 -
1330 4253 1389 4345 σόν
1415 4245 1503 4342 ἄφα-

396 4368 445 4430 νεῖ
468 4356 552 4450 λόγῳ
573 4365 603 4429 α’
625 4358 740 4444 ότιμον
765 4357 884 4440 βαλεῖν.
932 4361 982 4422 Ita
1002 4379 1111 4423 versus
1132 4379 1151 4421 a
1172 4360 1327 4424 Dindoriio
1348 4365 1397 4422 est
1417 4362 1503 4424 resti·

393 4475 479 4535 tutus
499 4467 665 4532 Hermanni
687 4463 859 4525 coniectura
879 4468 1008 4545 recepta
1050 4464 1088 4525 In
1109 4463 1251 4526 Laur.A
1272 4465 1303 4525 in
1324 4467 1411 4526 textu
1431 4464 1503 4526 seri·
