3584 5292
1406 577 1427 642 3

316 759 363 820 dis
392 759 483 841 plane
511 759 675 836 liberast,
702 761 810 841 quibus
831 761 1070 824 Laurentianum
1089 760 1120 822 A
1142 737 1317 844 corruptum
1344 766 1427 829 ride-

315 881 398 938 mus,
425 865 462 924 ut
487 881 548 924 non
569 861 707 940 dubites,
739 864 810 944 quin
829 864 881 926 ille
902 865 1000 926 codex
1020 883 1061 926 ex
1082 863 1149 945 ipso
1170 865 1343 948 archetypo,
1367 887 1428 932 uon

316 985 358 1026 ex
378 965 582 1028 Laurentiano
602 964 633 1026 A
660 967 860 1048 transcriptus
882 968 931 1030 sit
984 967 1073 1039 Quod
1103 967 1175 1047 quia
1195 988 1264 1030 oum
1285 969 1376 1033 Laur.
1398 972 1428 1034 A

315 1069 394 1128 haud
416 1087 485 1130 raro
507 1069 657 1130 consentit
680 1067 798 1148 Suidas
818 1070 1010 1147 Dindorfius,
1037 1073 1075 1132 ut
1096 1089 1201 1135 omnes
1222 1071 1261 1132 de
1282 1073 1339 1134 hac
1358 1094 1428 1138 oon-

315 1171 465 1233 trorersia
493 1172 660 1236 sententias
689 1173 859 1234 summatim
889 1173 1038 1253 attingam
1045 1173 1151 1250 ,binc
1180 1174 1323 1254 colligere
1350 1179 1428 1254 vult,

317 1272 440 1336 Suidam
462 1273 537 1336 libro
558 1295 646 1336 usum
670 1295 754 1355 esse,
782 1278 833 1357 qui
861 1277 968 1338 similis
986 1277 1079 1338 firerit
1100 1276 1145 1352 ei,
1173 1296 1217 1342 ex
1235 1297 1294 1356 quo
1317 1281 1348 1340 Γ
1371 1279 1427 1342 ori-

316 1378 418 1457 ginem
440 1376 579 1438 duxerit:
603 1382 708 1440 contra
728 1378 843 1444 Herm.
873 1380 978 1443 Iustus
999 1378 1122 1460 Lipsius
1144 1379 1163 1440 l.
1184 1380 1221 1455 b,
1244 1400 1336 1460 quum
1359 1380 1426 1444 sui-

316 1481 371 1543 das
389 1501 449 1542 non
470 1490 534 1542 tam
553 1493 623 1542 oum
644 1482 745 1544 codice
768 1485 799 1544 Γ
821 1503 911 1565 quam
933 1503 1002 1545 cum
1023 1481 1228 1544 Laurentiano
1249 1481 1281 1543 A
1302 1501 1427 1546 consen·

316 1585 381 1660 tiat,
402 1583 497 1646 multo
521 1585 706 1664 probabilius
729 1586 873 1648 statuisse
894 1587 1034 1660 uidetur,
1056 1585 1166 1646 librum
1187 1603 1207 1646 a
1227 1583 1322 1647 Surida
1340 1607 1427 1649 usur-

316 1690 421 1768 patum
441 1686 625 1750 simillimum
645 1686 741 1748 fuisse
762 1687 805 1763 ei,
835 1707 876 1750 ex
905 1709 963 1770 quo
985 1689 1151 1752 communis
1181 1690 1214 1749 et
1232 1688 1429 1752 Laurentiani

238 1827 242 1835 ι
315 1789 346 1851 A
367 1794 398 1850 et
418 1793 449 1852 Γ
466 1789 551 1868 origo
573 1789 739 1870 repetenda
761 1794 851 1852 esset.
900 1791 996 1854 Nobis
1020 1792 1140 1872 quidem
1162 1792 1264 1852 utrum
1281 1791 1429 1856 Diudorfii

317 1893 466 1956 sententia
486 1892 585 1972 magis
611 1894 846 1956 commendanda
874 1912 915 1956 an
934 1895 1078 1976 Lipsiana
1110 1894 1308 1975 praeferenda
1326 1896 1427 1958 videa·

316 1999 387 2073 tur,
412 1995 490 2057 infra
511 1994 698 2076 propositum
729 1998 778 2058 est
807 1996 978 2078 disceptare
985 2023 994 2073 ;
1017 2018 1114 2073 nunc,
1143 1997 1284 2078 quoniam
1311 2003 1428 2062 contro

316 2098 418 2160 versia
434 2097 487 2158 illa
509 2097 547 2158 de
569 2098 743 2162 condicione
760 2098 889 2160 Parisiui
902 2100 933 2162 A
949 2102 1182 2164 annuendum
1203 2101 1252 2162 est
1271 2099 1429 2183 dirempta,
1476 2096 1480 2104 ’

315 2202 393 2264 hanc
415 2190 622 2281 quaestionem
644 2200 817 2282 Antigonae
837 2204 939 2266 fabula
959 2205 1134 2284 diligentius
1163 2203 1376 2285 perlustranda
1401 2208 1429 2268 si

317 2306 415 2366 minus
436 2304 617 2386 profligare,
638 2305 670 2364 et
690 2305 838 2386 exemplis
859 2306 958 2384 magis
980 2307 1133 2370 illustrare
1156 2305 1289 2368 animum
1309 2307 1427 2372 induxi-

317 2427 392 2470 mus.
414 2443 459 2452 —

419 2484 521 2588 Atque
542 2513 577 2570 ut
602 2510 641 2572 ed
663 2510 796 2590 corporis
818 2513 1059 2590 aegrotationem
1080 2510 1316 2588 dignoscendam
1340 2510 1431 2590 periti

318 2617 366 2674 est
386 2613 495 2676 medici
516 2614 695 2693 comperire,
719 2612 815 2693 qualis
836 2615 965 2676 hominis
987 2612 1098 2676 natura
1118 2614 1168 2689 sit,
1190 2631 1319 2694 quonam
1339 2614 1428 2676 m'odo

317 2722 407 2780 antea
427 2717 478 2778 ille
499 2715 626 2794 vixerit,
649 2716 756 2798 quibus
777 2716 838 2778 iam
859 2717 971 2779 morbis
994 2715 1119 2778 allectus
1141 2715 1246 2792 fuerit,
1270 2716 1315 2776 ita
1335 2717 1427 2779 etiam
1543 2779 1552 2785 ,

316 2821 347 2882 iu
367 2819 562 2884 emendandis
582 2825 721 2880 ueterum
741 2820 922 2900 scriptorum
940 2821 1024 2882 libris
1045 2820 1207 2900 plurimum
1228 2817 1371 2896 interest,
1393 2824 1429 2883 ut

317 2925 414 3004 magis
445 2922 603 3002 magisque
632 2923 823 3002 exploretur,
862 2924 972 3001 quibus
1006 2924 1144 2984 fortunae
1171 2922 1428 2986 vicissitudinibus

317 3026 432 3106 antiqui
453 3027 521 3089 libri
542 3044 638 3105 usque
661 3025 700 3087 ad
723 3029 858 3086 nostram
878 3025 1050 3086 memoriam
1074 3023 1233 3102 propagati
1256 3023 1332 3098 sint,
1352 3046 1428 3119 quos

318 3151 408 3192 casus
429 3127 575 3192 subierint
594 3127 727 3206 iniquos,
756 3127 837 3205 quod
866 3146 907 3186 cx
935 3126 983 3188 his
1005 3125 1196 3206 potissimum
1218 3126 1361 3188 damnum
1382 3136 1427 3190 at-

318 3255 376 3317 que
396 3233 616 3294 incommodum
642 3231 798 3292 traxerint.
852 3230 940 3300 Quae
962 3224 1099 3309 quaestio
1122 3227 1241 3308 quantis
1272 3229 1428 3294 difficulta-

317 3339 398 3400 tibus
421 3335 572 3417 implicata
593 3334 643 3409 sit,
664 3335 815 3394 nemiuem
835 3335 969 3414 profecto
986 3331 1140 3413 praeterit,
1160 3332 1319 3395 dummodo
1340 3355 1430 3414 quam
1526 3329 1529 3333 “

318 3440 440 3504 incertis
468 3438 625 3517 dubiisque
655 3438 746 3498 rebus
775 3437 828 3501 illa
854 3437 971 3497 nitatur
999 3434 1243 3498 consideraverit
1296 3436 1366 3508 Qua
1389 3440 1429 3500 de

317 3562 409 3606 causa
430 3541 504 3602 nihil
526 3553 565 3600 uc
592 3539 618 3599 si
645 3538 824 3600 vilissimum
846 3537 968 3618 quiderll
990 3538 1145 3612 rideatur,
1178 3541 1429 3604 contemnendum

318 3651 366 3708 est
387 3643 632 3724 necquidquam,
653 3642 732 3720 quod
754 3643 866 3722 aliquid
887 3641 1030 3702 momenti
1051 3641 1089 3702 ad
1109 3659 1173 3700 rem
1192 3640 1288 3721 ipsam
1309 3643 1428 3722 planius

318 3747 555 3832 perspiciendam
593 3744 700 3806 afferre
739 3747 852 3826 possit,
897 3744 1112 3817 omittendum
1151 3761 1280 3823 namque
1315 3763 1428 3825 magna

319 3870 410 3932 saepe
433 3869 470 3910 ex
486 3848 590 3929 parvis
611 3849 823 3926 intellegimus.

424 3951 531 4032 Itaque
552 3950 632 4012 docti
653 3950 710 4012 riri
726 3949 893 4012 rectissime
908 3947 1118 4008 iudicaverunt
1137 3943 1188 4004 vel
1199 3943 1330 4008 maxime
1351 3970 1428 4033 opus

318 4077 403 4134 essa,
425 4059 461 4118 ut
482 4054 594 4134 aliquid
619 4053 650 4114 in
678 4053 734 4112 hac
762 4071 796 4113 re
821 4051 1010 4132 proficiatur,
1038 4048 1169 4110 indolem
1192 4049 1428 4136 uniuscuiusque

318 4159 428 4223 codicis
450 4157 596 4237 indagari.
647 4153 736 4218 Unde
759 4158 861 4216 autem
882 4153 982 4232 magis
1009 4151 1127 4212 indoles
1156 4170 1193 4213 ao
1217 4156 1327 4217 natura
1349 4160 1427 4221 codi-

319 4283 388 4324 cum
411 4261 518 4338 elncet,
541 4279 631 4339 quam
653 4279 693 4320 ex
717 4258 914 4344 obsergando,
934 4256 1044 4336 quibus
1065 4256 1183 4317 mendis
1205 4261 1338 4340 conupti
1358 4263 1428 4339 sint,

217 4341 231 4364 κ
319 4366 427 4446 quibus
446 4363 660 4426 mutationibus
681 4379 737 4444 per
756 4361 901 4444 temporis
920 4359 1150 4422 diuturnitatem
1171 4359 1342 4439 depravati,
1363 4364 1427 4441 qui·

318 4469 376 4530 bus
402 4465 618 4530 adiectionibus
645 4465 862 4528 incrementum
898 4465 951 4524 aut
981 4461 1089 4541 quibus
1115 4463 1427 4542 praetermissionibus

1171 4563 1221 4624 1*
