3584 5292
373 565 414 634 16

372 755 463 818 frenis
484 759 596 839 lupatis
615 758 646 819 id
669 757 780 827 dictum
804 778 874 820 esse
886 761 976 840 putes
995 758 1050 819 sed
1070 757 1109 818 de
1126 758 1256 839 strepitu
1277 762 1482 824 habendarum

371 860 463 941 fugae
491 862 704 924 accelerandae
734 880 826 924 eausa
859 861 1055 922 vehementer
1090 880 1311 925 concussarum
1363 862 1480 935 Quodsi

372 963 549 1026 Wunderus
578 967 617 1028 ad
643 966 672 1027 h.
692 967 710 1027 1.
739 963 893 1027 contendit
920 965 1122 1044 comparativo
1151 957 1290 1050 ὀξισέρῳ
1316 966 1480 1046 significari

371 1065 505 1147 Argivos
518 1070 588 1150 post
599 1069 671 1130 solis
684 1071 783 1130 ortum
798 1069 965 1132 accelerato
980 1086 1091 1148 gressu
1106 1068 1213 1148 fugere
1224 1070 1372 1150 coepisse,
1396 1071 1477 1150 cqui-

371 1170 440 1231 dem
461 1170 606 1252 intellego
632 1171 664 1232 id
690 1191 709 1234 a
728 1192 762 1233 re
785 1173 852 1254 ipsa
870 1191 932 1234 non
958 1173 1088 1234 alienum
1110 1189 1180 1232 esse
1201 1174 1233 1232 et
1261 1172 1478 1252 quodammodo

368 1273 521 1335 Homerici
541 1275 670 1337 θᾶσσον
689 1277 828 1356 exemplo
847 1275 1013 1338 sustentari
1020 1298 1028 1349 ;
1061 1275 1116 1334 sed
1145 1277 1248 1336 tamen
1274 1274 1380 1355 optimi
1408 1273 1479 1335 libri

370 1377 549 1458 scripturam
572 1397 627 1440 sua
648 1399 684 1441 ao
713 1380 834 1460 propria
853 1380 944 1441 laude
969 1377 1120 1456 insignem
1146 1380 1178 1440 et
1198 1378 1296 1458 magis
1317 1396 1337 1440 a
1357 1377 1478 1456 vulgari

368 1481 585 1543 consuetudine
609 1484 800 1545 recedentem
825 1501 885 1543 non
914 1482 1003 1542 video
1030 1501 1084 1544 cur·
1110 1500 1314 1563 aspernemur.
1364 1479 1476 1551 Quam·

370 1599 460 1662 quam
498 1584 578 1646 enim
606 1585 644 1646 de
680 1604 753 1647 sono
783 1583 965 1646 adiectivum
999 1574 1151 1666 ὀξιτόρος
1181 1584 1280 1646 rarius
1311 1581 1476 1644 adhibitum

366 1704 436 1746 esse
466 1686 602 1764 uidetur,
638 1691 741 1749 tamen
768 1685 890 1768 saepius
920 1685 965 1746 ita
991 1690 1139 1769 usurpata
1162 1687 1357 1750 inveniuntur
1381 1679 1476 1769 σόρος

366 1792 399 1851 et
419 1782 579 1873 διάτορος.
629 1791 736 1872 Neque
764 1791 863 1852 minus
891 1790 968 1850 falso
997 1787 1170 1850 Diodorfius
1198 1790 1319 1853 lectioni
1347 1807 1474 1870 apogra-

366 1895 494 1975 phorum
513 1891 604 1955 fidem
624 1894 728 1956 habuit
747 1913 776 1955 v.
790 1895 863 1969 315,
884 1893 937 1954 uhi
956 1893 1087 1955 scribere
1108 1894 1190 1955 vult:
1212 1886 1375 1987 tcincimo
1396 1885 1475 1954 διώ-

367 2014 435 2072 σεις
456 1990 477 2082 ἢ
497 1991 653 2081 στραφεὶς
676 1989 776 2071 οδσως
797 1987 869 2075 i'ro'5
893 1997 938 2058 At
964 1996 1073 2057 atrocis
1096 1995 1187 2058 animi
1206 1995 1339 2057 custodis
1361 1996 1410 2055 est
1430 1993 1473 2054 di·

367 2119 453 2162 cere:
477 2091 597 2193 teineis
613 2093 649 2162 δὲ
668 2092 784 2173 δώσεις
806 2093 826 2183 ἢ
850 2093 1009 2184 στραφεὶς
1030 2092 1132 2173 οὕτως
1153 2090 1226 2177 i'ro³,·
1242 2100 1286 2161 ita
1299 2098 1380 2160 euim
1401 2097 1474 2159 dicit

366 2204 411 2280 is,
437 2203 488 2284 qui
508 2204 689 2284 potestatem
710 2201 828 2263 dicendi
849 2201 906 2262 sibi
927 2200 993 2261 fieri
1015 2203 1211 2264 vehementer
1234 2201 1383 2283 postulat,
1411 2220 1473 2262 non

249 2309 255 2326 ⁸
365 2307 416 2389 qui
438 2306 586 2367 submisso
608 2305 706 2366 animo
728 2304 821 2386 petit,
848 2305 884 2365 ut
907 2303 990 2383 loqui
1018 2303 1075 2364 sihi
1094 2303 1194 2366 liceat.
1236 2305 1373 2376 Quorum
1393 2306 1472 2368 loeo·

265 2469 272 2487 ,
363 2428 431 2470 rum
450 2427 593 2470 numerus
614 2408 722 2468 mirum
743 2427 832 2488 quam
852 2408 956 2469 multis
978 2407 1126 2488 exemplis
1147 2408 1254 2487 augeri
1275 2411 1393 2489 potest;
1416 2408 1472 2469 sed

361 2513 462 2572 metus
485 2513 534 2572 est
560 2529 600 2571 ne
621 2528 694 2590 prae
719 2510 842 2572 minutis
863 2512 955 2572 rebus
973 2530 1123 2572 summum
1147 2510 1223 2572 illud
1242 2514 1398 2592 totumque
1418 2530 1471 2572 ne·

361 2614 529 2695 glegamus.
573 2613 680 2695 Itaque
703 2616 738 2675 ut
758 2614 839 2675 illius
860 2613 919 2674 viri
938 2613 1012 2676 vitia
1038 2613 1070 2674 in
1092 2614 1277 2676 emendando
1306 2598 1467 2677 textu-So-

361 2719 485 2799 phocleo
508 2718 628 2798 longius
647 2736 822 2798 persequar,
839 2736 901 2777 non
917 2717 1099 2798 apographis
1118 2718 1207 2778 modo
1229 2718 1310 2779 iusto
1323 2718 1468 2779 maiorem

363 2819 454 2881 fidem
475 2819 575 2896 habet,
598 2820 652 2880 sed
674 2819 765 2882 etiam
787 2838 828 2879 ex
850 2817 917 2878 aliis
939 2818 1148 2900 scriptoribus,
1168 2821 1337 2903 quicunque
1359 2840 1467 2882 versus

361 2921 542 3003 Sophocleos
564 2922 746 2999 attulerunt,
769 2921 869 2985 varias
890 2920 1034 2982 lectiones
1057 2941 1214 2984 assumere
1234 2925 1337 2987 voluit
1379 2922 1468 2987 Unde

326 3016 328 3022 ¹
359 3026 471 3088 factum
494 3027 552 3100 est,
574 3029 609 3087 ut
625 3045 848 3107 nonnumquam
869 3027 982 3085 temere
1004 3028 1148 3101 novaret5
1170 3028 1266 3088 veluti
1287 3028 1377 3108 plane
1395 3027 1468 3088 mihi

358 3128 465 3192 inutile
491 3147 561 3188 esse
588 3129 710 3189 videtur
735 3148 776 3188 ex
804 3127 961 3188 Aristotel.
991 3127 1115 3190 Rhetor.
1146 3135 1165 3191 3
1172 3134 1253 3204 ,.14,
1286 3131 1326 3191 ad
1353 3150 1381 3190 v.
1402 3134 1465 3190 222

358 3232 474 3294 variam
492 3230 651 3293 lectionem
675 3227 820 3315 σπουδῆς
846 3250 901 3312 pro
922 3224 1038 3307 τάχους
1057 3233 1216 3306 adnotare;
1243 3232 1371 3293 eandem
1392 3251 1466 3294 vero

358 3335 391 3396 in
411 3337 498 3396 textu
520 3353 681 3414 reponere,
711 3332 842 3394 maxime
870 3334 1070 3396 temerarium.
1118 3335 1202 3398 Nihil
1223 3334 1303 3396 enim
1323 3335 1466 3397 momenti

359 3437 462 3513 affert,
492 3437 572 3516 quod
599 3439 689 3498 etiam
718 3437 880 3498 scholiasta
907 3438 940 3497 in
968 3437 1214 3519 interpretatione
1242 3457 1299 3500 sua
1327 3439 1466 3500 adhunc
1500 3462 1505 3474 ¹

357 3543 457 3604 locum
475 3539 551 3602 illud
571 3560 680 3601 nomen
703 3538 849 3625 σπουδῆς
871 3542 1005 3622 scripsit,
1031 3542 1143 3624 quippe
1164 3541 1216 3622 qui
1236 3542 1358 3623 saepius
1383 3541 1466 3603 aliud

357 3663 467 3705 nomon
489 3643 625 3706 variandi
647 3662 738 3704 causa
761 3646 852 3724 atque
874 3644 906 3704 in
927 3647 1014 3706 textu
1033 3646 1138 3704 exstat
1162 3645 1305 3724 posuerit
1347 3644 1465 3732 Aristo

358 3747 450 3810 telem
478 3765 552 3808 vero
579 3746 665 3807 illum
693 3765 817 3808 versum
845 3767 885 3807 ex
907 3748 1055 3809 memoria
1082 3747 1308 3828 tranecnpsisse
1333 3751 1465 3812 maxime

356 3851 423 3912 ueri
446 3850 541 3912 simile
562 3850 690 3912 videtur.

461 3951 549 4022 Quae
579 3973 672 4032 quum
700 3951 744 4014 ita
771 3952 852 4027 sint,
881 3972 973 4030 quum
1000 3953 1104 4014 multis
1132 3951 1206 4015 locis
1237 3952 1405 4014 Parisinum
1433 3951 1464 4013 A

357 4052 559 4115 Laurentiano
575 4059 741 4136 praestare,
762 4057 828 4118 aliis
849 4056 1085 4118 Laurentiauum
1098 4055 1128 4117 A
1148 4059 1264 4118 temere
1282 4057 1321 4117 ab
1343 4056 1464 4118 editori·
1546 4053 1554 4068 ⁸

356 4157 413 4218 hus
434 4155 607 4234 neglectum
629 4178 698 4218 esse
721 4177 813 4240 supra
832 4158 1078 4236 intellexerimus,
1098 4162 1196 4220 restat
1214 4161 1251 4220 ut
1272 4159 1310 4219 de
1330 4160 1369 4220 iis
1389 4160 1463 4221 locis

357 4258 517 4340 disputem,
539 4259 647 4340 quibus
665 4261 816 4322 haesitare
837 4262 947 4342 possis,
968 4251 1071 4324 utrum
1088 4263 1248 4323 lectionem
1267 4262 1463 4324 Laurentiani

355 4362 548 4444 sequendum,
570 4379 609 4422 an
629 4363 670 4437 id,
692 4364 773 4442 quod
793 4363 947 4426 Parisinus
967 4362 998 4424 A
1016 4364 1150 4445 praebet,
1172 4363 1373 4445 recipiendum
1393 4383 1462 4426 esse

355 4469 454 4546 putes
495 4464 727 4549 Nonnumquam
738 4466 818 4527 enim
829 4465 1052 4528 Laurentianus
1063 4463 1094 4525 A
1105 4483 1202 4546 aeque
1216 4485 1253 4530 ac
1266 4467 1419 4532 Parisinus
1430 4467 1462 4529 A
