3584 5292
378 591 423 658 aa

389 815 400 822 -
460 801 494 840 u.
516 775 587 839 '715
623 771 718 856 abac
752 775 998 867 prmopo'tdodp
1026 814 1069 828 --
1089 781 1203 861 ’θυμοῖ
1238 773 1266 843 τ’
1299 775 1486 864 Ἀτρείδαις

379 877 524 966 μεγάλων
552 877 588 944 re
614 879 748 948 νεικέων.
797 877 887 946 Hane
907 883 1074 946 Hei-manni
1097 884 1300 948 oonieoturam
1328 889 1435 968 θυμοῦ
1455 887 1483 952 ’τ’

252 1055 257 1066 ,
379 1009 434 1069 pro
458 987 584 1049 leetione
607 987 716 1049 oodiois
731 986 772 1048 A
793 984 901 1068 θυμὸν
920 992 953 1049 et
973 988 1103 1049 Parisini
1119 985 1161 1051 A
1175 983 1281 1068 θυμόν
1299 978 1327 1052 τ’
1348 991 1486 1072 plerique

381 1092 511 1154 editores
533 1092 727 1172 re'oopernnt;
750 1090 823 1152 mihi
843 1089 965 1168 quidem
976 1089 1057 1152 blot.
1071 1095 1102 1152 Γ
1120 1092 1209 1156 lentio
1223 1085 1376 1172 doudor’
1392 1095 1484 1156 etiam

380 1194 589 1277 praestabilior
618 1193 746 1256 videtur.
806 1192 997 1274 Quamquam
1029 1192 1109 1254 anim
1145 1195 1310 1256 seeundum
1338 1196 1485 1260 Dindorlii

377 1299 557 1364 sententiam
578 1296 703 1377 pluralis
716 1295 899 1362 substantivi
919 1289 1026 1375 θυμὸς
1046 1299 1137 1380 plane
1150 1317 1170 1359 a
1182 1298 1307 1377 tragicis
1321 1300 1420 1380 poetis
1432 1302 1483 1380 ab

381 1401 526 1463 dicandus
548 1403 604 1476 est,
626 1403 727 1463 tamen
748 1399 919 1463 Lobeokius
936 1400 1083 1480 exemplis
1102 1420 1145 1461 ex
1167 1400 1301 1477 Platone,
1320 1400 1485 1481 Aristotele

380 1503 479 1583 allatis
499 1501 584 1585 illum
604 1502 672 1563 eius
692 1521 851 1563 numerum
869 1502 952 1563 haud
969 1503 1197 1583 improbabilem
1218 1505 1356 1581 reddidit

385 1667 388 1672 ·
424 1675 426 1684 ι
465 1653 494 1696 r.
519 1638 581 1696 773
603 1625 668 1697 τότ’
692 1625 864 1718 ἀντιφωνεῖ
885 1629 987 1698 δεινὸν
1006 1627 1144 1720 ‹leprinia-
1160 1627 1188 1697 τ’
1210 1628 1311 1712 ἔπος..
1338 1637 1397 1698 Pro
1418 1631 1484 1702 τότ’

378 1740 504 1820 praebet
527 1737 591 1798 eod.
613 1738 644 1798 Γ
665 1728 682 1799 ὃ
708 1728 755 1815 d',
789 1738 867 1817 quod
890 1739 1086 1800 vehementer
1106 1739 1208 1820 placet
1228 1741 1351 1820 epodosi
1370 1741 1484 1803 seilioet

377 1841 604 1922 superadditum
633 1841 716 1920 (post
744 1831 863 1923 ἡνίκα),
897 1861 956 1920 quo
982 1842 1082 1920 magis
1107 1842 1211 1904 Aiacis
1242 1842 1414 1924 importuna
1447 1863 1482 1904 ae

378 1945 443 2004 dira
466 1943 622 2025 responsio
652 1943 691 2004 ad
716 1942 818 2004 mitem
845 1963 880 2006 aa
906 1926 1083 2008 benerolam
1110 1944 1351 2007 exhortationem
1370 1945 1481 2007 Miner-

377 2067 436 2110 vae
460 2046 625 2109 efferretur.
750 2093 753 2098 -

460 2202 489 2243 v.
513 2183 576 2242 780
599 2171 738 2243 τοσαῦθ’
764 2169 782 2240 ὁ
811 2171 926 2256 μάντις
953 2166 1031 2261 εἶφ’·
1059 2168 1078 2239 ὃ
1102 2173 1136 2239 d’
1166 2170 1232 2241 uni.
1275 2180 1333 2242 Pro
1353 2180 1481 2240 leotione

375 2284 571 2350 Laurentiani
589 2281 633 2344 'A
653 2271 795 2343 τοσαῦθ’
819 2279 947 2359 praebet
970 2280 1067 2340 oodex
1085 2283 1117 2340 Γ
1139 2275 1282 2345 τοιαῦθ’.
1333 2282 1482 2362 Equidem

371 2391 458 2453 facile
483 2407 519 2450 eo
547 2386 654 2447 inclino
677 2387 713 2446 ut
733 2383 802 2444 huie
831 2380 952 2442 leotioni
973 2381 1089 2460 priores
1113 2383 1245 2444 deferam
1272 2385 1367 2466 pluris
1388 2386 1481 2448 iuter·

373 2509 442 2554 esse
462 2492 563 2566 ratus,
599 2487 671 2566 quid
697 2488 729 2547 et
754 2484 854 2564 qualia
874 2483 1000 2546 Calchas
1023 2486 1263 2564 pronuntiaverit
1295 2508 1385 2568 quam
1408 2491 1481 2568 quot

376 2591 471 2656 vverba
490 2591 609 2654 fuderit
631 2621 675 2634 -

458 2727 516 2789 His
537 2725 631 2804 igitur
648 2723 694 2783 tot
717 2724 837 2802 tamque
858 2719 1026 2781 illustribus
1046 2719 1120 2780 loeis
1141 2722 1225 2792 (sunt
1245 2720 1346 2781 antem
1359 2681 1478 2784 oiroiter

374 2830 539 2910 octoginta)
564 2826 638 2888 satis
667 2826 891 2887 demonstrasse
910 2823 982 2884 mihi
1007 2822 1112 2883 videor
1141 2821 1296 2883 librarium
1318 2825 1428 2885 oodiois
1445 2827 1476 2886 Γ

370 2953 425 3015 per
446 2952 481 2992 se
501 2929 612 2991 nullius
633 2931 686 2990 aut
707 2927 878 2988 adiumento
905 2928 961 2987 ant
981 2924 1160 2986 anctoritate
1178 2928 1296 2987 textum
1313 2927 1475 3008 archetypo
1606 2977 1611 2986 .

370 3038 540 3099 derivatum
570 3032 780 3114 oomposuisse
833 3029 925 3100 Quod
944 3030 989 3088 'ut
1016 3029 1191 3103 oredamus,
1222 3049 1291 3090 oum
1317 3030 1369 3106 iis,
1399 3036 1477 3109 quae

370 3139 465 3222 primo
488 3139 518 3198 in
541 3135 650 3196 rodida
665 3135 696 3195 Γ
713 3135 803 3194 textu
823 3133 938 3212 scripta
957 3132 1160 3207 inveniuntur,
1178 3133 1369 3211 perlustratis
1389 3136 1476 3197 faeile

371 3241 555 3314 adducimur,
575 3240 640 3298 tum
660 3254 699 3296 ne
721 3236 880 3297 adnotatae
902 3235 1023 3316 quidem
1041 3253 1110 3295 oum
1131 3236 1306 3316 compendio
1327 3258 1376 3318 γρ.
1396 3238 1474 3298 aliae

368 3346 512 3407 lectiones
533 3340 652 3402 efficere
673 3341 808 3421 possunt,
830 3342 866 3398 ut
885 3337 985 3398 iudieii
1004 3337 1101 3398 nostri
1120 3339 1280 3418 poeniteat
1322 3339 1401 3406 Nam
1414 3342 1475 3405 etsi

370 3452 417 3511 his
440 3449 529 3522 loeis,
545 3446 578 3506 in
600 3442 707 3523 quibus
725 3441 828 3504 variae
849 3439 994 3501 leotiones
1013 3437 1047 3500 in
1059 3437 1138 3502 Flor.
1150 3443 1181 3502 Γ
1201 3442 1373 3524 adscriptae.
1395 3448 1474 3518 sunt,

370 3550 448 3613 effici
468 3565 558 3631 posse
579 3547 713 3622 videtur,
742 3553 778 3608 nt
801 3543 896 3606 sodex
924 3541 976 3604 ille
993 3543 1089 3623 primo
1115 3543 1154 3604 ab
1179 3545 1343 3626 archetypo
1363 3545 1473 3606 deson-

369 3659 457 3737 ptus,
483 3659 547 3715 tum
577 3665 645 3712 oum
673 3643 874 3711 Laurentiano
903 3649 943 3709 A
971 3648 1161 3726 eomparotns
1189 3646 1244 3722 sit,
1272 3650 1372 3709 tamen
1399 3648 1474 3708 haee

370 3740 520 3820 sententia
539 3767 645 3837 parum
655 3787 658 3796 ι
668 3745 761 3814 habet
771 3747 998 3832 probabilitatis,
1016 3753 1177 3829 propterea
1191 3750 1271 3828 quod
1282 3750 1385 3810 multis
1398 3751 1472 3812 loeis

368 3863 469 3924 varias
483 3845 560 3921 'illes
580 3857 725 3918 lectiones
752 3854 816 3915 sive
837 3869 928 3913 veras
949 3852 1016 3913 sive
1035 3851 1137 3912 falsae.
1150 3869 1211 3912 non
1233 3866 1301 3912 oum
1320 3852 1410 3914 Laur.
1432 3855 1472 3915 A

370 3965 539 4028 consentire
570 3961 624 4022 sed
655 3951 750 4022 novas
778 3961 811 4018 et
831 3955 1000 4016 Florentini
1020 3959 1050 4016 Γ
1072 3953 1209 4035 proprias
1231 3974 1301 4016 esse
1318 3956 1473 4034 eognosei-

370 4086 446 4129 mos.
503 4065 583 4126 Illud
611 4064 704 4144 igitur
731 4061 825 4123 multo
859 4059 1043 4139 probabilius
1068 4057 1229 4118 statuimus
1267 4073 1370 4118 omnes
1403 4058 1471 4118 illas

370 4173 538 4253 adscriptas
562 4168 708 4230 leetiones
738 4181 778 4224 ex
807 4161 904 4244 ipsius
927 4161 1085 4241 archetypi
1113 4159 1269 4240 seripturis
1291 4160 1359 4222 buo.
1377 4159 1473 4220 dedus

370 4278 464 4351 nisse,
484 4273 634 4336 nonnullis
655 4271 784 4330 sortasse
806 4263 951 4344 exeeptis,
972 4282 1051 4342 quae
1073 4261 1222 4342 exipsius
1242 4262 1355 4324 librarii
1369 4279 1471 4323 errore

366 4381 517 4468 proiectae
538 4376 689 4446 ridentur,
710 4373 746 4430 ut
766 4367 840 4428 Phil.
852 4385 880 4426 r.
904 4368 967 4427 loa
986 4367 1025 4426 ad
1044 4359 1155 4443 θρασὺ
1178 4368 1340 4429 adnotatur
1358 4360 1469 4447 βραχύ,

366 4484 444 4564 quod
467 4502 507 4541 ex
529 4496 620 4540 versu
644 4477 684 4534 82
707 4473 765 4533 hue
790 4467 950 4548 irrepsisse
970 4467 1161 4528 manifestum
1183 4472 1238 4528 est.
