3584 5292
408 593 450 658 18

420 825 425 848 ,
483 779 615 859 ''Atque
645 779 679 837 ut
710 777 842 855 reliquas
866 777 1056 841 collationum
1087 781 1206 842 illarum
1231 781 1424 844 diversitates
1458 803 1524 863 per-

411 882 574 961 stringam,
604 879 726 961 saepius
755 879 823 940 11133
852 879 882 946 13
907 880 1034 958 'syllabis
1056 882 1196 945 finalibus
1217 886 1358 946 notandis
1379 887 1525 946 fluctuare

413 985 623 1063 eognovimus3
639 1001 716 1063 quae
739 982 860 1061 quidem
884 986 957 1044 sunt
975 984 1050 1044 vitia
1065 987 1180 1048 leviora
1201 992 1292 1067 atque
1308 989 1393 1050 facile
1415 991 1526 1068 corrigi

411 1091 550 1188 possunt..
577 1085 678 1152 Unum
693 1085 790 1158 modo,
811 1085 890 1164 quod
907 1085 1071 1149 Elmsleius
1083 1087 1257 1152 etCobetus
1279 1092 1524 1172 planeneglexe·

412 1199 498 1268 runt,
521 1192 658 1272 quodque
680 1191 773 1250 multo
796 1187 921 1265 gravius
943 1191 1008 1263 333,
1028 1209 1108 1250 3333
1128 1190 1347 1253 illaDuebneri
1369 1194 1526 1255 collatione

415 1295 548 1358 assecuti
570 1308 688 1354 sumus:
791 1355 793 1360 ,

412 1461 462 1540 33
475 1443 585 1502 48233
571 1402 678 1503 3483.
700 1431 889 1519 ὕβριςόζὲ
882 1431 947 1498 nei
969 1433 1128 1555 δέδρακεν
1153 1429 1208 1520 1313
1231 1435 1371 1523 δευτέρα,

702 1535 829 1614 τούτοις
844 1534 994 1617 ἕπαιχεῖν
1010 1560 1063 1601 και
1055 1534 1266 1622 δεδρακυῖαν
1280 1541 1381 1625 γελᾶν

414 1721 494 1766 3333
516 1705 553 1764 ab
576 1705 656 1765 omni
681 1703 851 1786 suspicione
872 1703 991 1763 liberati
1015 1705 1104 1778 3333,
1129 1705 1201 1784 3313
1225 1706 1416 1786 exploratum
1435 1707 1524 1767 3333

415 1827 483 1866 333
521 1827 573 1871 333
598 1809 688 1870 etiam
711 1807 741 1866 in
763 1805 967 1867 Laurentiano
990 1808 1066 1867 A
1057 1827 1179 1870 mverso
1200 1811 1305 1872 ordine
1332 1812 1387 1870 sed
1412 1811 1523 1870 adsun-

415 1911 476 1990 ptis
437 1910 546 1971 31133
521 1912 701 1988 tterissset
723 1929 743 1967 α
768 1911 899 1968 exstare
922 1945 965 1952 -

518 2013 561 2075 Et
587 2015 663 2075 haee
690 2010 809 2091 quidem
831 2012 977 2071 hactenus
1008 2013 1046 2072 de
1068 1973 1204 2075 Parisino
1226 2016 1266 2075 A
1289 2013 1379 2074 etde
1408 2013 1525 2072 duabus

415 2115 474 2176 11113
497 2116 704 2180 collationibus
727 2113 869 2176 Laurent
848 2114 923 2176 31331
943 2117 998 2186 Α;
1022 2115 1097 2178 33313
1126 2118 1206 2176 3313
1226 2117 1371 2195 probasse
1392 2115 1465 2176 mihi
1481 2114 1526 2175 31-

416 2220 491 2283 door
521 2219 604 2282 illum
632 2221 764 2282 codicem
786 2215 953 2278 Parisiuum
975 2216 1077 2275 Ain
1104 2219 1185 2277 veris
1213 2217 1391 2277 lectionibus
1417 2218 1526 2277 consti-

416 2323 536 2386 tuendis
558 2342 594 2384 ac
617 2318 827 2384 confirmandis
849 2318 932 2380 baud
953 2335 1022 2378 raro
1042 2320 1160 2378 tantum
1184 2317 1291 2378 afferre
1312 2320 1470 2393 momenti,
1491 2324 1527 2380 33

416 2445 475 2486 333
506 2426 592 2486 modo
622 2445 680 2486 non
709 2422 918 2501 neglegendus
947 2420 1003 2479 sed
1032 2420 1124 2480 33133
1151 2440 1240 2501 quam
1264 2420 1395 2482 maxime
1424 2421 1526 2481 obser-

416 2530 534 2592 roudus
557 2529 613 2602 313,
638 2530 725 2608 31333
747 2543 865 2604 semper
887 2525 958 2602 post
978 2513 1216 2584 Laurentianum
1239 2525 1404 2585 secuudum
1428 2525 1527 2584 locum

417 2632 639 2692 concedendum
662 2650 738 2691 3333.
783 2627 844 2688 Sed
867 2629 1009 2705 superest
1029 2625 1109 2685 31133
1131 2627 1227 2687 codex
1250 2646 1268 2710 3
1288 2626 1442 2688 Dindorfio
1462 2627 1526 2706 331-

420 2734 490 2794 dem
519 2734 551 2804 13
573 2737 742 2796 ceterorum
770 2728 986 2810 exemplarium
1016 2747 1141 2789 numero
1167 2730 1286 2790 habitus
1315 2730 1370 2790 sed
1395 2730 1527 2790 maximo

291 2917 293 2921 Ι
416 2838 548 2916 dignus,
579 2837 664 2896 33133
694 2834 838 2895 133313333
861 2836 1087 2912 perscrutemur
1116 2849 1227 2912 easque
1255 2851 1323 2894 oum
1351 2833 1419 2894 aliis
1442 2833 1526 2894 libris

415 2941 606 3014 conferendo,
627 2957 685 3019 qua
708 2937 768 2997 3133
790 2936 968 3010 auctoritate
990 2937 1022 2995 33
1042 2933 1199 3012 dignitate,
1221 2936 1527 3015 exploremusatque

416 3063 642 3124 cognoscamus.
687 3039 744 3101 Est
766 3040 845 3100 inter
867 3038 958 3098 libros
980 3057 1022 3096 ex
1041 3037 1221 3098 bibliotheca
1242 3038 1380 3100 abbatiae
1402 3038 1525 3099 Floren—

417 3148 499 3218 tin'ae
521 3149 552 3208 13
572 3144 739 3208 Mediceam
761 3142 859 3201 illatos
881 3140 980 3199 codex
1005 3139 1108 3200 littera
1129 3143 1159 3200 Γ
1181 3159 1200 3200 a
1220 3141 1375 3203 Diodorfio
1395 3144 1525 3213 notatus,

418 3251 468 3330 331
488 3249 613 3310 Aiacem
638 3248 791 3310 Electram
813 3242 963 3322 Oedipum
991 3263 1097 3320 regem
1116 3244 1314 3306 Philoctetam
1334 3243 1525 3323 comprehen-

417 3351 478 3428 dit,
505 3351 591 3412 onius
613 3352 756 3412 lectiones
778 3348 875 3408 adbuc
902 3347 940 3405 ab
964 3345 1039 3406 uiris
1060 3348 1157 3409 doctis
1178 3349 1246 3430 plus
1266 3353 1404 3409 minusve
1421 3347 1452 3406 13
1471 3344 1525 3408 So·

417 3454 551 3536 phooleis
573 3454 681 3516 fabulis
703 3449 897 3512 emendandis
919 3449 1075 3526 neglectae
1099 3456 1178 3514 sunt.

415 3587 422 3632 ,ς
522 3556 591 3626 Quo
612 3557 651 3616 de
671 3555 745 3616 libro
767 3554 895 3616 duorum
914 3554 1058 3628 virorum,
1078 3556 1129 3636 qui
1150 3554 1268 3635 quidem
1289 3553 1358 3612 huic
1379 3553 1526 3612 molestae

416 3680 454 3722 aa
474 3659 641 3740 perdifficili
663 3657 830 3736 quaestioni
852 3675 975 3734 operam
995 3658 1144 3734 quandam
1166 3657 1363 3727 navaverunt,
1383 3650 1526 3714 Guilelmi

417 3763 564 3828 1113333111
591 3766 622 3824 33
648 3757 814 3822 1131133331
838 3757 918 3818 13331
946 3758 1042 3837 Lipsii
1072 3759 1182 3819 iudicia
1209 3759 1338 3816 exstant.
1389 3755 1526 3825 Quorum

417 3866 475 3930 1113
497 3867 538 3943 (13
562 3864 654 3944 praef.
670 3862 708 3924 ad
723 3861 792 3922 edit
812 3859 1146 3940 Soph.0xon.1860.),
1168 3880 1259 3941 3333
1279 3859 1377 3920 33313
1397 3877 1525 3940 apogra-

419 3969 487 4047 pha,
509 3986 585 4046 quac
609 3964 755 4038 3331333,
778 3967 929 4041 tamquam
954 3983 995 4024 ex
1014 3984 1075 4025 uno
1096 3965 1178 4024 fonte
1200 3983 1240 4022 ex
1259 3962 1464 4023 Laurentiano
1484 3962 1525 4022 A

342 4160 344 4164 ,
421 4070 511 4130 ducta
540 4087 609 4130 esse
632 4067 808 4140 contendat,
836 4068 938 4128 varias
958 4069 1121 4142 lectiones,
1149 4085 1226 4144 quae
1254 4065 1335 4126 haud
1357 4081 1472 4144 paucae
1493 4063 1525 4124 in
1648 4124 1649 4135 ,

420 4171 508 4232 Laur.
531 4176 561 4232 l'
583 4173 720 4248 exstant,
749 4189 822 4250 prae
844 4171 931 4231 unico
953 4171 1053 4244 fonte,
1080 4170 1130 4249 qui
1143 4167 1338 4246 scripturam
1360 4167 1526 4246 antiquitus
1648 4218 1649 4235 1

419 4274 558 4334 traditam
579 4275 740 4338 lectoribus
760 4275 849 4356 plane
871 4277 942 4336 ante
965 4273 1066 4334 oeulos
1087 4274 1195 4352 ponat,
1221 4271 1427 4349 neglegendas
1454 4287 1524 4329 esse

313 4453 321 4466 .
415 4377 512 4455 ducit;
536 4378 582 4440 hic
605 4398 677 4440 vero
701 4375 817 4457 (progr.¹
830 4377 868 4436 de
881 4374 971 4456 Soph.
986 4373 1101 4436 emend
1119 4374 1288 4453 praesidiis.
1330 4374 1524 4454 Lps.1aoo.)

416 4482 558 4541 trecentis
587 4500 626 4540 ex
652 4479 767 4558 Oedipo
794 4477 938 4559 Tyranno
959 4475 1098 4558 versibus
1118 4475 1150 4536 in
1169 4475 1287 4536 duobus
1308 4475 1369 4537 illis
1389 4475 1523 4536 Lauren-
