3584 5292
384 589 406 655 4

387 777 599 838 detrimentum
619 769 775 851 ceperint?
818 769 921 851 Atque
945 774 981 832 ut
1001 773 1077 834 haec
1097 774 1233 854 quaestio
1259 774 1412 853 aliquanto
1433 791 1496 833 ccr-

386 882 448 943 tius
471 877 613 960 progredi
634 876 740 955 possit,
762 893 841 935 nova
862 875 1019 936 collatione
1041 875 1090 938 Fr.
1106 877 1259 938 Ducbneri
1279 874 1420 936 effectum
1439 880 1497 963 est,

388 1003 429 1044 ex
458 1000 532 1062 qua,
566 997 659 1059 quum
686 977 717 1037 in
754 977 820 1057 ipso
858 977 959 1038 codice
989 997 1080 1056 quam
1106 977 1330 1039 accuratissime
1358 977 1497 1038 diversas

386 1101 511 1157 manus,
542 1099 617 1162 quac
640 1081 692 1141 aut
713 1083 854 1159 corrupta
875 1080 1073 1141 emendanmt
1100 1084 1153 1142 aut
1174 1082 1251 1141 salsa
1270 1083 1429 1155 notarrmt,
1453 1080 1496 1139 di-

389 1186 544 1262 stinxerit,
574 1187 725 1263 tamquam
748 1182 875 1243 historia
896 1184 1045 1261 quaedam
1066 1182 1198 1243 omnium
1223 1182 1375 1243 variarum
1395 1183 1496 1243 lectio

389 1308 462 1349 num
490 1286 631 1366 cognosci
660 1287 769 1365 potest.
819 1281 884 1345 Iam
913 1305 987 1347 vero
1007 1268 1084 1347 illud
1118 1304 1235 1365 quoque
1255 1284 1337 1346 haud
1366 1288 1497 1347 contem-

389 1390 522 1452 nendum
544 1389 728 1450 momentum
748 1387 801 1448 illa
821 1407 964 1450 manuum
991 1388 1181 1448 distinctione
1200 1388 1325 1448 allatum
1346 1387 1495 1450 videmus:

391 1514 483 1576 quum
511 1493 591 1553 enim
619 1490 698 1571 quod
726 1508 862 1571 quaeque
889 1509 996 1551 manns
1029 1492 1061 1552 in
1082 1491 1183 1551 codice
1206 1489 1344 1571 scripsit,
1368 1510 1423 1570 pro
1443 1511 1497 1552 ex-

388 1598 505 1680 plorato
526 1596 705 1668 habeamus,
732 1591 814 1653 haud
836 1591 955 1652 difficile
978 1595 1026 1654 est
1048 1598 1224 1673 perspectu,
1257 1611 1385 1673 quonam
1408 1594 1497 1655 modo

387 1700 526 1760 diversae
547 1697 616 1758 illae
647 1714 758 1756 manus
781 1696 812 1755 in
834 1695 936 1756 codice
958 1697 1135 1774 corrigendo
1156 1687 1300 1757 versatae
1317 1697 1385 1759 sint.
1428 1697 1496 1760 Dis-

388 1803 552 1864 cernuntur
572 1803 674 1861 autern
696 1818 715 1860 a
735 1799 895 1860 Ducbnero
920 1800 1096 1880 plerumque
1118 1802 1259 1878 quattuor
1280 1818 1401 1863 manus:
1434 1823 1496 1864 rna

389 1924 447 1965 nus
467 1903 563 1983 prima
584 1902 649 1962 sive
673 1900 810 1981 antiqua,
839 1902 947 1962 deinde
977 1902 1109 1964 secunda
1130 1902 1196 1962 sive
1218 1903 1329 1979 altera,
1356 1907 1421 1966 tum
1448 1927 1494 1978 re-

389 2006 511 2080 centior,
533 2021 755 2092 nonnumquam
770 2003 899 2083 denique
917 2023 1024 2066 manus
1038 2005 1255 2080 recentissima,
1277 2007 1363 2068 cuius
1382 2008 1449 2070 laus
1464 2011 1496 2071 in

388 2112 494 2184 textu,
516 2125 606 2188 quem
627 2107 753 2181 vocant,
783 2107 971 2167 restituendo
999 2108 1136 2168 omnibus
1159 2109 1268 2168 ceteris
1288 2112 1497 2189 postponenda
1527 2087 1531 2094 ¹

388 2218 444 2274 est
486 2209 678 2289 Quamquam
700 2229 773 2269 vcro
795 2210 921 2270 collator
941 2209 1007 2288 ipse
1022 2209 1177 2269 'nonnullis
1198 2209 1286 2286 locis,
1305 2214 1407 2274 utrum
1432 2233 1495 2276 cor·

386 2312 550 2375 rectionem
570 2311 668 2372 textui
696 2312 809 2372 illatam
832 2313 935 2372 manui
956 2313 1097 2392 antiquae
1128 2331 1166 2373 an
1189 2313 1303 2373 recenti
1324 2316 1497 2394 debeamus,

387 2416 537 2480 haesitare
558 2415 689 2490 videtur,
709 2417 810 2474 tamen
839 2416 904 2475 sine
932 2416 1021 2475 dubio
1049 2416 1209 2496 plerasque
1237 2416 1275 2475 de
1298 2417 1354 2479 hac
1385 2440 1419 2479 re
1444 2423 1495 2482 ad-

387 2520 556 2582 notationes
587 2536 641 2597 pro
672 2518 762 2614 certis
790 2518 903 2580 habere
934 2538 1104 2599 possumus.
1156 2518 1257 2599 Atque
1287 2539 1340 2595 ea,
1371 2542 1450 2601 quae
1477 2544 1496 2585 a

387 2621 516 2686 dirersis
537 2619 597 2680 illis
619 2621 756 2680 manibus
780 2623 833 2681 aut
854 2625 959 2681 notata
981 2625 1034 2681 aut
1047 2625 1182 2682 correcta
1197 2624 1275 2697 sunt,
1297 2624 1495 2702 perlustranti

386 2728 417 2788 in
440 2723 542 2786 oculos
565 2741 660 2802 paene
681 2725 815 2799 incurrit,
837 2725 981 2805 pleraque
1003 2725 1117 2785 leviora
1138 2743 1277 2804 peccata,
1299 2745 1376 2806 quae
1396 2729 1427 2788 in
1446 2730 1494 2792 lit·

386 2831 461 2892 teris
483 2829 537 2888 aut
559 2828 775 2888 commutandis
804 2831 858 2888 aut
888 2827 1069 2888 omittendis·
1080 2827 1263 2904 consistunt,
1286 2827 1346 2888 iam
1364 2831 1404 2890 ab
1426 2832 1495 2912 ipsa

386 2931 439 2993 illa
461 2928 582 3008 antiqua
603 2948 707 3007 manu,
729 2949 806 3011 quae
824 2934 943 2992 textum
966 2933 1003 2991 de
1023 2932 1187 3012 archetypo
1208 2931 1421 3012 exscripserat,
1443 2938 1494 2998 rel

385 3037 477 3097 litura
497 3033 576 3094 facta
602 3030 654 3091 vel
673 3048 747 3091 vera
775 3031 903 3092 lectione
931 3033 1137 3114 superscripta
1158 3037 1293 3096 correcta
1320 3055 1405 3114 esse,
1436 3041 1495 3101 alia

385 3157 459 3198 vero
481 3136 621 3214 graviora
651 3135 688 3194 ab
716 3135 829 3210 altera,
866 3153 943 3214 quae
969 3134 1068 3196 denuo
1100 3137 1256 3216 archetypi
1284 3137 1428 3202 lectiones
1448 3144 1492 3204 in-

387 3241 530 3321 spexerat
550 3240 582 3299 et
602 3255 671 3296 oum
691 3237 856 3318 exemplari
878 3241 1120 3317 comparaverat,
1148 3245 1255 3300 sanata
1273 3259 1349 3302 esse.
1398 3231 1403 3249 ⁸

487 3340 589 3418 Atque
611 3339 724 3417 primae
745 3357 852 3400 manus
879 3341 1022 3400 uitiorum
1046 3341 1129 3420 origo
1151 3343 1231 3401 unde
1258 3347 1422 3424 repetenda
1443 3349 1492 3424 sit,

385 3443 534 3507 neminem
561 3441 694 3520 profecto
723 3441 814 3519 fallit,
850 3443 902 3522 qui
930 3444 1062 3504 codicem
1091 3444 1181 3506 Laur.
1204 3443 1233 3504 A
1260 3466 1300 3506 cx
1327 3450 1492 3530 archetypo

383 3544 492 3606 litteris
514 3541 687 3604 maiusculis
710 3546 833 3605 exarato
860 3544 1036 3607 minusculis
1066 3547 1281 3627 transcriptum
1310 3569 1385 3610 esse·
1402 3572 1490 3633 repu-

384 3647 502 3712 taverit
553 3644 747 3726 Quapropter
775 3647 866 3708 etiam
885 3650 1068 3711 mutationes
1091 3650 1235 3730 quasdam
1262 3649 1430 3713 litterarum
1458 3654 1489 3713 in

382 3753 434 3814 illo
455 3749 521 3814 cod.
545 3749 675 3812 maxime
697 3749 903 3829 frequentatas
927 3751 1078 3829 ridemus,
1100 3756 1136 3812 nt
1157 3771 1186 3812 ει
1208 3756 1240 3812 et
1261 3773 1297 3836 η,
1319 3775 1346 3814 ω
1364 3758 1396 3815 et
1413 3775 1447 3834 o,
1468 3777 1490 3816 α

384 3858 416 3916 et
436 3851 455 3914 λ
477 3855 509 3914 ct
530 3849 558 3930 d,
583 3873 602 3913 κ
624 3857 655 3914 et
671 3874 705 3932 μ,
729 3853 796 3912 alia.
840 3852 927 3922 Quae
947 3853 1041 3932 igitur
1061 3857 1098 3916 ab
1118 3855 1170 3916 illa
1193 3875 1283 3916 manu
1301 3857 1366 3919 sive
1388 3859 1490 3922 statim

383 3957 448 4017 sive
469 3955 626 4016 collatione
647 3955 756 4016 iterum
776 3956 907 4035 repetita
924 3957 968 4016 ita
990 3962 1125 4018 correcta
1147 3962 1234 4033 sunt,
1254 3977 1292 4018 ea
1312 3962 1407 4022 multo
1428 3983 1489 4024 ma-

381 4057 475 4122 iorem
497 4057 704 4119 auctoritatem
726 4059 837 4120 habere
866 4077 957 4138 quam
987 4079 1064 4139 quae
1092 4061 1189 4141 primo
1219 4062 1399 4141 scripserat,
1428 4087 1488 4127 non

382 4164 431 4225 est
447 4161 629 4238 negandum.
672 4159 842 4223 Contulisse
865 4165 967 4223 autem
983 4164 1111 4244 primam
1126 4182 1247 4222 manum
1268 4164 1387 4242 iterum,
1410 4189 1488 4248 quae

380 4265 553 4345 scripserat,
574 4279 642 4322 cunr
655 4263 819 4343 archetypo
833 4264 1041 4326 demonstrare
1056 4265 1198 4326 videntur
1215 4266 1253 4325 ab
1268 4266 1373 4328 eadem
1389 4271 1486 4350 primo

381 4369 484 4430 omissi
505 4369 569 4427 turn
591 4364 723 4444 suppleti
744 4362 847 4445 Antig.
869 4387 920 4428 vr.
946 4370 1103 4442 68-70,
1133 4369 1264 4429 arerbo
1286 4361 1367 4448 ἔχειν
1387 4391 1486 4452 usque

377 4473 415 4534 ad
438 4464 612 4556 androco,
633 4469 665 4527 et
690 4486 718 4528 r.
743 4469 821 4546 780,
849 4487 939 4546 quem
970 4468 1002 4530 in
1029 4468 1166 4548 margine
1194 4471 1315 4534 addidit
1365 4474 1407 4537 At
1433 4479 1485 4540 ubi
