3584 5292
777 497 788 530 1

748 517 855 598 νίνου),
1406 519 1446 585 11

340 692 455 787 deutur.
498 702 603 784 Atque
624 703 729 766 ecdem
751 705 839 765 modo
861 725 912 766 res
932 725 966 766 se
987 705 1080 790 hycet
1100 726 1129 766 v.
1153 709 1230 782 664,
1251 706 1304 767 nbi
1321 705 1449 771 Dindor-

340 807 399 869 iius
421 827 481 870 non
499 807 669 889 disceptare
691 825 783 868 ausus
806 811 863 886 est,
882 811 986 870 utrum
1007 808 1151 869 correctio
1167 809 1205 869 ab
1219 806 1249 870 S.
1263 826 1302 869 an
1318 828 1338 870 a
1357 829 1450 872 mann

341 910 439 992 aliqua
464 910 632 975 recentiore
661 911 740 972 facta
770 911 817 974 sit
871 912 951 974 Nam
976 931 1069 990 qnum
1097 911 1254 972 videamus
1287 912 1336 990 id,
1370 917 1450 993 qnod

341 1017 509 1075 correctum
537 1013 592 1090 sit,
619 1013 789 1096 κρατοῦσιν
810 1008 908 1076 ἒννοεῖ
928 1015 1000 1076 item
1019 1014 1082 1092 legi
1101 1014 1132 1074 in
1153 1013 1288 1074 Parisino
1310 1014 1353 1094 A,
1379 1037 1449 1078 ean-

341 1115 410 1177 dem
431 1116 644 1179 correctionem
666 1117 698 1179 in
721 1117 811 1179 Laur.
836 1119 938 1179 manui
969 1118 1137 1180 dicrthctae
1158 1117 1289 1178 tribuere
1315 1137 1376 1180 non
1395 1121 1449 1182 dn-

341 1219 479 1280 bitamus.
528 1218 573 1280 At
593 1237 654 1280 non
676 1241 891 1302 usquequaque
917 1221 1053 1283 invenies
1078 1221 1294 1283 correctionem
1314 1221 1448 1284 Lauren-

341 1321 415 1383 tiani
436 1322 465 1383 A
487 1343 556 1384 cum
576 1323 703 1385 Parisini
723 1324 852 1386 lectione
872 1325 1124 1398 consentientem
1154 1324 1209 1386 sed
1234 1329 1358 1388 exstant
1376 1347 1449 1389 ncn-

342 1425 512 1503 nullivlcci,
543 1427 649 1508 quibus
680 1428 794 1488 frustra
815 1428 864 1504 id,
892 1423 972 1508 quod
992 1447 1099 1490 manns
1121 1427 1289 1489 diorthotae
1317 1429 1349 1489 in
1370 1431 1450 1492 Lan-

341 1527 477 1590 rentiano
496 1527 527 1589 A
548 1531 688 1609 correxit,
710 1531 742 1592 in
761 1531 861 1592 codice
876 1530 1012 1593 Parisino
1034 1530 1210 1610 investiges
1252 1530 1348 1594 Velut

385 1681 414 1722 v.
437 1665 499 1723 339
536 1661 568 1722 in
584 1661 674 1724 Laur.
691 1666 794 1726 exstat
813 1652 979 1746 ἄποτοᾶετ’
997 1652 1187 1743 ἄπλομὲνων
1205 1682 1274 1724 cum
1285 1651 1342 1747 pp.
1364 1653 1450 1727 ἄπο-

522 1749 670 1848 ’τρᾶεται
702 1759 879 1847 ἰλλομένων.
940 1766 1034 1828 Paris.
1069 1767 1170 1828 antem
1204 1785 1363 1848 perperam
1396 1788 1451 1849 pro

539 1855 731 1948 ἄκλομένων
752 1869 828 1948 legit
850 1863 1072 1950 παλλομένων.

385 1989 413 2030 v.
436 1973 498 2032 387
537 1990 630 2052 super
666 1970 826 2033 lectionem
860 1973 951 2035 Laur.
988 1966 1098 2057 ἐξέβην
1131 1971 1252 2052 scripsit
1285 1971 1314 2034 S.
1344 1965 1448 2061 προᾶ-

538 2075 604 2158 βην.
667 2073 822 2137 Parisinus
858 2095 939 2137 nuno
975 2078 1146 2156 corruptam
1190 2074 1313 2136 exhibet
1348 2075 1450 2138 lectio

538 2196 608 2238 nem
626 2171 759 2264 ττροᾶβη.

386 2301 415 2341 v.
436 2284 498 2342 519
536 2274 623 2361 ὅμως
652 2277 670 2345 ἄ
699 2277 855 2367 siricae
876 2277 954 2356 τούς
981 2272 1096 2360 νόμους
1123 2272 1214 2356 ἰ’σους
1242 2272 1356 2343 ποθεῖ.
1402 2281 1452 2346 Ita

540 2383 683 2464 leguntur
703 2387 798 2448 verba
817 2388 953 2448 correcta
972 2385 1009 2446 ab
1032 2383 1062 2446 S.
1090 2404 1145 2466 prc
1168 2383 1296 2463 vulgata
1323 2385 1451 2448 lectione

537 2479 677 2563 τούτους.
719 2490 878 2551 Parisinus.
899 2492 1001 2550 autem
1029 2506 1090 2549 una
1111 2506 1180 2547 oum
1200 2487 1290 2550 Laur.
1313 2489 1345 2550 in
1363 2493 1452 2552 textu

539 2609 594 2652 suc
612 2592 769 2654 lectionem
791 2587 935 2668 τούτους,
958 2610 1032 2666 non,
1059 2590 1139 2668 quod
1157 2596 1334 2672 exspectes,
1362 2585 1452 2669 ἴσους

540 2696 672 2776 praebet.

450 2828 568 2900 Quibus
598 2849 637 2890 ex
667 2830 771 2910 paucis
798 2828 871 2889 locis
901 2827 1048 2903 efficitur,
1081 2829 1116 2888 ut
1145 2827 1235 2888 ctiam
1265 2828 1316 2889 iile
1346 2829 1452 2904 codex,

345 2931 425 2991 unde
447 2931 601 2994 Parisinus
623 2931 654 2993 A
681 2931 836 3012 derivatus
862 2934 927 3008 est,
955 2951 1010 3012 per
1037 2931 1235 3012 complurium
1265 2933 1452 2993 saeculorum

345 3033 476 3114 spatium
497 3035 564 3096 aliis
585 3034 762 3096 lectionibus
781 3035 878 3096 textui
901 3034 992 3095 illatis
1014 3035 1067 3094 aut
1081 3033 1264 3114 depravatus
1278 3035 1332 3093 aut
1353 3053 1453 3094 emen-

345 3138 435 3198 datus
466 3139 512 3200 sit.
563 3139 665 3221 Atque
687 3141 744 3202 hoc
770 3138 864 3200 multo
891 3138 990 3217 magis
1017 3137 1104 3198 nobis
1132 3136 1396 3218 persuadebimus,
1427 3138 1453 3199 si

346 3261 449 3304 eornm
468 3245 615 3320 locorum,
644 3243 752 3322 quibus
775 3262 815 3302 ex
836 3260 896 3302 uno
917 3239 1051 3302 Parisino
1074 3223 1148 3301 vera
1174 3240 1264 3303 lectio
1286 3243 1375 3302 eruta
1397 3245 1453 3318 est,

344 3365 502 3408 numerum
524 3347 761 3426 cognoverimus.
812 3345 919 3425 Itaque
940 3363 1028 3405 nemo
1048 3364 1101 3406 eos
1124 3345 1206 3430 iocos
1227 3364 1268 3405 ex
1287 3363 1349 3406 una
1367 3344 1453 3407 Anti-

346 3467 443 3526 gonae
462 3449 562 3511 fabula
582 3449 691 3511 afferre
709 3447 782 3510 mihi
801 3449 905 3523 liceat,
926 3449 1034 3528 quibus
1055 3466 1142 3508 nemc
1164 3447 1228 3508 fere
1252 3449 1359 3511 doctus
1374 3449 1453 3512 Lau-

344 3553 499 3614 rentianae
516 3553 637 3614 lectioni
658 3552 824 3613 Parisinam
841 3552 995 3634 praeferre
1017 3551 1180 3615 dubitavit:

494 3733 502 3742 ·
562 3701 703 3762 Laurent.
726 3699 769 3761 A:
983 3778 984 3785 ἵ
1161 3697 1255 3759 Paris.
1276 3697 1323 3760 A:

389 3823 416 3864 v.
441 3807 482 3864 29
526 3796 652 3886 ἄταφον
671 3796 827 3866 ἄκλαυτον
849 3804 913 3884 (La
933 3807 966 3864 et
982 3803 1048 3880 Lb)
1105 3801 1232 3862 rectius:
1274 3793 1454 3864 ἄκλαυστον

1106 3897 1245 3986 ἄταφον,
1275 3925 1454 3987 quamquam

1107 4009 1187 4069 male
1221 3999 1381 4071 ἄκλαυτον
1424 4010 1455 4070 in

1105 4103 1284 4176 ἄκλαυστον
1306 4114 1455 4174 mutatum

1106 4217 1163 4276 est

387 4341 416 4381 v.
441 4325 502 4382 ras
540 4313 669 4383 εἰσιδών
1113 4307 1230 4381 ἕσσον

388 4445 416 4484 v.
441 4427 502 4486 162
542 4415 670 4496 πόλεως
849 4503 859 4518 .
1109 4415 1230 4494 πόλεος
