3584 5292
1349 569 1393 642 2⁰

369 791 399 836 τ.
421 775 483 835 308
517 766 624 855 λόγοις
652 803 697 818 -
716 761 840 832 ἐλεοῦσι
867 758 941 846 μέν,
971 757 1029 828 καί
1053 759 1120 827 πού
1148 783 1182 828 τι
1206 759 1263 828 καὶ
1290 765 1394 850 βορᾶς

283 873 383 962 μέρος
404 869 605 960 προςέὸοσαν
628 865 849 956 οἰκτείραντες.
890 869 930 930 In
949 868 1051 961 codiee
1067 868 1107 930 A
1126 872 1210 932 reeta
1228 870 1318 932 lentio
1338 863 1396 934 καί

286 1001 367 1061 που,
389 997 479 1059 quam
497 983 529 1041 Γ
550 978 699 1053 servavit,
720 977 752 1038 iu
768 968 875 1038 κίίποο
897 971 1063 1054 depravata
1080 974 1135 1033 est

370 1102 399 1144 v.
424 1085 486 1144 441
518 1074 617 1144 ποίου
646 1075 682 1144 δὲ
708 1073 824 1142 τούτου
851 1069 936 1160 πλήν
960 1067 992 1156 γ’
1011 1067 1191 1151 Ὀδυσσέως
1218 1067 1320 1159 ἕρεῖςς
1345 1069 1395 1138 Δί

285 1187 345 1248 iam
367 1186 437 1248 oiim
456 1205 477 1248 a
498 1183 640 1248 Florente
663 1182 833 1248 Christiano
851 1199 907 1262 pro
927 1178 1055 1259 vulgata
1075 1180 1203 1243 lectione
1223 1180 1333 1242 oodieis
1353 1182 1394 1245 A

286 1285 323 1354 τὲ
345 1291 521 1352 restitutum
540 1287 571 1350 in
588 1305 649 1350 uno
669 1285 771 1348 oodiee
794 1288 823 1347 Γ
843 1284 876 1346 in
897 1286 985 1344 textu
1006 1286 1161 1346 servatum
1181 1284 1358 1347 invenimus.

372 1413 402 1455 v.
419 1396 480 1455 669
500 1391 574 1466 πῶς
595 1382 675 1453 ποτ’
696 1381 933 1475 ἅμφιπλήκτων
953 1379 1077 1469 ῥοθίων
1096 1381 1195 1467 μόνος
1214 1381 1329 1463 κλύων,
1351 1421 1396 1436 -·

286 1495 361 1570 πῶς
385 1487 449 1578 ιἰίρα
477 1487 699 1576 πανδάκρυτον
726 1486 811 1555 οὕτω
837 1485 953 1572 βιοτὰν
979 1483 1137 1566 κατέσχεν.
1182 1487 1296 1550 Omnes
1317 1490 1397 1552 cedi·

287 1617 338 1662 ees
366 1596 483 1659 duobus
509 1597 598 1659 modo
623 1596 775 1677 exeeptis,
804 1613 931 1674 quorum
956 1593 1036 1654 alter
1059 1593 1156 1654 eodax
1180 1596 1227 1668 Γ,
1253 1594 1398 1656 exhibent

287 1719 464 1784 perversam
485 1699 568 1762 iilam
594 1699 755 1762 lectionem
781 1691 907 1773 κλύζων.
949 1694 987 1757 In
1014 1699 1045 1757 Γ
1065 1696 1168 1756 codiee
1188 1695 1280 1757 etiam
1300 1717 1329 1759 κ.
1342 1683 1398 1780 γρ.

287 1799 405 1881 κλύζων
433 1803 609 1878 adnotatur,
635 1801 887 1882 quemadmodum
906 1796 1029 1879 saepius
1055 1798 1087 1858 in
1104 1797 1156 1859 illo
1175 1799 1276 1861 varias
1297 1802 1399 1864 lentio·

289 1927 345 1968 nes
369 1906 538 1988 adscriptas
558 1905 733 1986 reperimus.
775 1901 864 1966 Unde
893 1902 1018 1982 colligas
1044 1900 1077 1961 in
1097 1902 1260 1983 arohetypo
1280 1924 1398 1986 quoque
1520 1943 1527 1955 ,

290 2009 399 2072 oodids
420 2012 451 2072 Γ
476 2009 578 2071 varias
599 2009 743 2069 leetiones
765 2006 933 2088 adseriptas
960 2004 1055 2064 fuisse
1078 2007 1111 2065 et
1131 2005 1288 2067 librarium
1308 2007 1341 2068 in
1359 2009 1397 2069 iis

289 2113 437 2192 eligendis
458 2131 514 2173 suo
535 2111 681 2173 arbitratu
702 2112 858 2172 versatum
879 2125 956 2169 esse.
1000 2107 1071 2178 Qua
1090 2126 1131 2166 ex
1158 2123 1192 2168 re
1221 2111 1398 2172 non'eiiioi·

288 2219 340 2278 tnr
369 2215 480 2279 oodiois
507 2218 538 2277 Γ
563 2214 718 2276 libran'um
753 2213 786 2274 in
810 2209 934 2274 oonsilio
968 2229 1025 2272 suo
1051 2212 1172 2272 textum
1197 2213 1401 2277 constituendi

290 2321 400 2383 oodiois
422 2321 462 2383 A
481 2319 629 2382 rationem
649 2323 803 2397 tamquam
820 2332 956 2376 normam
973 2316 1111 2376 secutum
1133 2333 1216 2376 esse:
1241 2333 1313 2378 uam
1334 2337 1400 2380 sae·

290 2425 359 2506 pius
387 2424 470 2485 aiiud
505 2423 537 2484 in
565 2426 654 2484 textu
686 2419 798 2482 oodiois
831 2422 862 2479 Γ
886 2419 1041 2478 servatum
1069 2436 1158 2497 qnam
1185 2418 1217 2479 in
1235 2419 1277 2481 A
1306 2422 1401 2499 extat,

291 2527 373 2588 atiud
394 2527 485 2589 etiam
505 2528 537 2587 in
558 2525 752 2588 adnotatione
774 2520 959 2601 adscriptum
978 2519 1124 2581 videmus.
1161 2519 1267 2584 (isnin
1280 2526 1311 2585 Γ
1327 2524 1401 2588 Pbil.

292 2643 323 2691 v:
344 2632 404 2690 106
435 2630 472 2690 ad
493 2623 603 2712 θρασὺ
632 2627 793 2688 adnotatur
812 2642 872 2705 γρ.·
892 2616 1010 2705 βραχὺ,
1038 2623 1119 2700 quod
1142 2643 1204 2685 uon
1227 2625 1336 2686 mirum
1362 2647 1403 2689 ex

293 2751 385 2792 versu
408 2730 562 2813 superiore
584 2734 624 2792 83
647 2731 706 2791 huo
732 2729 850 2790 iilatum
871 2745 948 2786 esse.
991 2745 1021 2785 v.
1039 2727 1104 2786 308
1128 2727 1167 2786 ad
1188 2719 1245 2789 καί
1265 2747 1330 2790 που
1351 2749 1401 2812 γρ.
1495 2767 1498 2771 -

291 2823 407 2918 ἦπου.
445 2854 474 2895 v.
498 2837 558 2896 639
582 2834 622 2894 ad
644 2825 779 2916 πριγίρας
800 2850 845 2914 γρ.
869 2825 1034 2912 πρύμνας,
1066 2829 1147 2907 qnod
1168 2849 1210 2890 ax
1232 2830 1404 2924 oonieotura

292 2936 331 2998 ad
351 2937 478 2998 verbum
496 2937 528 2998 in
547 2937 648 2998 codiee
668 2937 825 2996 servatum
844 2926 887 3016 dp
909 2931 1164 2993 aeoommodatrmr
1184 2952 1253 2994 osse
1272 2932 1403 3013 videtur,

292 3039 351 3100 nisi
377 3040 481 3122 potins
504 3058 679 3119 germanam
704 3036 862 3099 lectionem
891 3026 951 3118 ἀνῇ
976 3031 1009 3094 in
1037 3024 1079 3115 ὄίςγ
1106 3034 1306 3115 depravatum
1333 3057 1403 3099 esse

294 3145 429 3203 statuere
450 3143 545 3204 malis.
589 3163 618 3204 v.
643 3145 705 3204 662
729 3142 768 3204 ad
792 3132 826 3202 εί
840 3160 899 3220 μοι
917 3157 967 3220 γρ.
991 3127 1092 3215 οίλιοί.
1144 3157 1172 3198 r.
1195 3141 1257 3200 849
1286 3139 1327 3200 ad
1347 3130 1404 3201 di*-
1441 3125 1445 3132 ⁴

298 3265 368 3307 ναιο
390 3265 439 3329 γρ.
460 3237 598 3324 δύναμαι
617 3267 671 3328 pro
693 3246 814 3325 integra
832 3242 961 3305 boetiom
983 3240 1093 3301 oodieis
1107 3241 1147 3302 A
1165 3232 1251 3326 δίνᾳ.
1294 3263 1323 3305 r.
1338 3245 1400 3305 491

292 3347 332 3408 ad
353 3339 464 3431 εἷίροον
480 3365 527 3431 γρ.
542 3341 682 3428 ε’ίζονος,
707 3349 785 3430 quod
804 3367 895 3428 quum
917 3365 955 3406 ne
975 3343 1158 3405 adieetirum
1176 3345 1296 3425 quidem
1315 3364 1403 3426 grae·

294 3469 363 3511 oum
391 3450 446 3526 sit,
481 3451 640 3513 manifeste
666 3454 726 3515 hue
752 3472 854 3514 errore
887 3450 1005 3511 illatum
1033 3451 1086 3509 aut
1117 3447 1193 3511 falso
1219 3449 1405 3530 descriptum
1516 3508 1521 3516 ,

295 3553 350 3613 est
399 3571 428 3613 v.
454 3556 538 3615 1052
576 3556 616 3615 ad
645 3556 771 3616 verbum
802 3545 924 3638 χρῄζων
950 3550 1131 3614 adscribitur
1158 3571 1205 3635 γρ.
1235 3547 1403 3636 κρείσσων,

295 3673 384 3735 quam
405 3656 519 3718 variam
541 3656 703 3728 lectionem,
720 3677 761 3718 ex
781 3656 894 3718 veteris
916 3655 1030 3718 librarii
1053 3657 1224 3717 eonieotura
1240 3655 1405 3735 profectam

295 3777 364 3818 esse
384 3757 449 3838 quis
474 3761 522 3820 est
541 3780 630 3841 quem
653 3760 770 3840 fugiat?
819 3757 904 3820 Aias.
927 3777 956 3819 u.
982 3762 1043 3820 186
1073 3759 1259 3819 adverbum
1281 3751 1354 3842 ἥκοι
1376 3779 1406 3819 κ.

294 3879 341 3943 γρ.
364 3853 476 3939 ἔοικε,
495 3862 575 3942 quod
596 3863 690 3924 omnis
717 3863 841 3924 rationis
872 3881 983 3943 expers
1009 3865 1065 3922 est.
1115 3880 1143 3921 v.
1169 3862 1231 3921 646
1262 3860 1302 3921 A
1324 3863 1357 3922 et
1374 3863 1406 3922 Γ

295 3962 328 4021 iu
349 3965 436 4024 textu
457 3967 602 4043 praebent
631 3965 789 4025 lectionem
820 3958 916 4042 αίιίν,·
942 3969 973 4026 Γ
992 3985 1024 4024 κ.
1047 3983 1093 4046 γρ.
1117 3953 1193 4040 ἐών,
1223 3963 1305 4041 quod
1332 3964 1407 4025 nihil

296 4069 357 4140 est;
387 4084 426 4126 ex
448 4067 564 4130 duabus
588 4070 689 4128 autem
710 4066 867 4148 seripturis
889 4066 1000 4148 spuriis
1021 4086 1126 4128 reram
1147 4066 1311 4127 eruendam
1337 4087 1406 4128 esse

293 4169 371 4229 hano
398 4161 489 4231 Δίων
523 4171 664 4252 probarit
683 4169 851 4250 ¹Bergkius.
918 4191 948 4231 v.
973 4174 1034 4232 683
1066 4171 1107 4232 A
1137 4175 1168 4231 et
1200 4169 1230 4231 Γ
1257 4169 1290 4231 iu
1318 4173 1407 4232 textu

293 4262 471 4356 ἑταιρείας,
500 4274 532 4333 in
560 4277 591 4337 Γ
613 4295 642 4336 κ.
664 4293 710 4358 γρ.
740 4265 901 4356 ἑταιρίας,
931 4275 1010 4354 quod
1037 4273 1102 4336 sine
1129 4273 1219 4335 dubio
1248 4274 1324 4335 saiso
1350 4292 1407 4354 pro

293 4363 438 4456 ἑταιρίας
470 4375 623 4459 seriptum.
666 4398 694 4438 v.
720 4381 781 4440 794
811 4377 851 4440 nd
879 4371 936 4438 καί
956 4379 1018 4463 γῆν
1037 4377 1069 4439 in
1086 4382 1118 4440 Γ
1136 4377 1222 4439 van'a
1244 4375 1333 4438 lentio
1355 4375 1407 4436 ad-

207 4565 211 4576 .
293 4479 399 4540 notata
420 4481 469 4540 est
490 4474 544 4540 καὶ
568 4483 637 4559 νῦν,
657 4499 734 4580 qupe
753 4481 853 4542 miuus
874 4481 934 4540 huo
952 4482 1099 4560 quadrare
1119 4481 1247 4542 videtur.
1272 4481 1406 4541 v.1124
