3584 5292
1336 581 1497 654 17Ι

267 773 426 842 lectionem
449 777 530 840 haud
556 776 780 859 improbabilem
802 777 946 839 exhibere
968 778 1128 853 videntur;
1157 776 1237 856 quod
1264 777 1316 838 ubi
1336 777 1380 840 ita

270 886 332 959 est,
353 902 412 964 ego
433 881 553 964 quidem
571 881 775 943 Laurentiano
799 879 909 957 codici,
931 883 1038 962 utpote
1060 882 1110 962 qui
1132 899 1152 942 a
1170 880 1287 940 mendis
1306 874 1380 942 libe-

269 986 330 1046 rior
358 1004 394 1048 ac
421 985 520 1046 minus
553 986 712 1063 corruptus
747 983 803 1058 sit,
840 985 1109 1066 obtemperandum
1135 1003 1204 1045 esse
1230 983 1380 1045 existimo.

269 1087 363 1150 Velut
392 1109 420 1149 v.
446 1093 509 1150 229
542 1087 632 1148 Laur.
654 1088 694 1149 A
724 1086 848 1148 exhibet
874 1081 923 1150 κεί
945 1079 1014 1149 τάδ’
1043 1078 1167 1150 εἴσεται
1194 1080 1310 1175 Κρέων
1335 1121 1382 1134 --

269 1183 367 1254 ἄλλον
393 1183 470 1273 παρ’
500 1182 629 1271 ἀνδρός,
661 1186 735 1263 πῶς
766 1183 805 1250 σύ
834 1182 901 1273 δῆτ’
932 1183 990 1252 οὐκ
1014 1183 1157 1274 ἄλγονιῖς
1184 1189 1217 1250 in
1243 1188 1382 1252 Parisino

269 1312 341 1354 vcro
370 1295 484 1355 exstat:
510 1286 566 1354 καὶ
586 1284 659 1356 τάδ’
679 1283 802 1353 εἴσεται
822 1283 885 1355 sti.
910 1329 952 1338 —
980 1315 1009 1355 v.
1032 1298 1095 1358 394
1121 1295 1154 1356 in
1176 1293 1381 1356 Laurentiano

138 1461 139 1470 ¹
191 1403 194 1407 '
270 1416 400 1458 amauu
421 1397 518 1479 prima
537 1398 703 1456 correctum
724 1397 786 1457 est:
815 1389 881 1479 ἥκω
903 1389 943 1458 δι’
965 1390 1201 1481 ὅρκοαναίιιερ
1222 1388 1266 1458 dv
1287 1388 1380 1458 ἀπιό-

269 1518 368 1581 μοτσς
389 1535 433 1545 -
453 1494 546 1582 κόρην
569 1490 653 1579 λέγων
673 1490 761 1582 τήνδ’
784 1517 809 1558 e.
835 1520 861 1579 q.
884 1519 908 1560 s.
950 1498 1105 1561 Parisinus
1133 1518 1207 1561 vero
1238 1500 1381 1581 praebet:

269 1597 342 1688 ἥκω,
364 1595 405 1666 δι’
427 1597 528 1686 ὅρκων
550 1592 669 1683 καίτερ
690 1594 734 1663 ὢν
747 1595 927 1682 ἀπώμοτος
946 1593 1009 1665 sti.
1054 1601 1257 1684 Similiterque
1277 1603 1381 1685 plures

159 1695 160 1776 ᾗ
270 1707 421 1768 numerari
442 1705 572 1787 possunt
590 1703 771 1765 mutationes
792 1706 933 1781 minores,
952 1723 1079 1784 quarum
1100 1707 1224 1787 quaeris
1246 1707 1278 1767 in
1301 1706 1381 1768 Lau·

272 1808 409 1870 rentiano
431 1808 471 1868 A
496 1807 683 1869 emendatior
701 1809 834 1888 atquea
854 1808 938 1870 vitiis
958 1808 1105 1888 integrior
1129 1811 1256 1871 videtur.

349 2010 416 2073 Iam
430 2031 504 2073 vero
522 2013 581 2073 etsi
602 2011 755 2072 a'dnobus
770 2011 829 2072 illis
842 2011 926 2089 viris,
947 2009 1060 2074 cheto
1079 2014 1146 2076 dico
1168 2017 1201 2075 et
1212 2014 1382 2088 Duebnero‚

271 2135 368 2196 nuper
400 2132 490 2194 quam
527 2113 751 2176 accuratissime
785 2114 881 2176 codex
908 2115 999 2177 Lanr.
1036 2136 1185 2177 excussus
1215 2116 1255 2176 sit
1290 2119 1382 2196 atque

272 2237 375 2280 omnes
411 2218 478 2278 eius
510 2217 681 2279 litterarum
719 2216 827 2278 ductus
856 2237 945 2298 quam
979 2219 1209 2298 diligentissime
1246 2217 1383 2299 inspecti,

271 2333 372 2384 tamen
393 2340 455 2382 non
477 2321 588 2380 desunt
605 2319 663 2380 loci
673 2365 682 2394 ‚
711 2313 819 2398 quibus
840 2321 879 2380 de
900 2322 1031 2382 veritate
1053 2322 1190 2384 lectionis
1212 2341 1273 2381 nou
1293 2321 1383 2402 plane

155 2432 156 2485 t
269 2423 391 2503 liqueat.
442 2423 521 2486 Nam
549 2422 628 2503 qnod
657 2421 734 2482 dnae
757 2421 827 2482 illae
850 2423 1025 2485 collationes
1046 2425 1079 2486 in
1102 2423 1308 2486 discernendis
1330 2443 1382 2485 ra-

270 2528 324 2588 riis
350 2527 488 2588 manibus
513 2525 635 2606 saepius
663 2525 743 2584 inter
774 2543 809 2585 se
834 2526 1029 2604 dissentiunt,
1054 2548 1114 2590 non
1141 2528 1281 2601 offendit3
1307 2527 1385 2587 illud

155 2598 157 2658 l
271 2629 446 2705 molestius,
479 2627 558 2709 quod
591 2625 681 2687 certis
711 2626 889 2705 quibusdam
919 2628 994 2689 locis
1023 2629 1120 2692 altera
1146 2630 1266 2692 collatio
1295 2629 1385 2690 aliam

154 2735 155 2741 ’
271 2733 431 2794 lectionem
460 2732 491 2792 in
520 2730 583 2792 cod.
614 2731 736 2790 exsere
765 2729 948 2809 pronuntiat
1000 2731 1102 2810 Atque
1130 2733 1238 2793 dehis
1264 2732 1385 2812 quidem

153 2876 154 2887 ι
270 2855 359 2897 nemo
381 2836 440 2896 nisi
460 2833 568 2897 tertius
589 2832 673 2913 quis,
695 2830 746 2910 qui
764 2830 830 2911 ipse
852 2833 984 2895 codicem
1005 2835 1192 2916 inspexerit,
1221 2835 1385 2898 diiudicare

151 2995 153 3035 ὲ
271 2939 395 3018 poterit;
429 2941 465 2999 ut
498 2957 527 2998 v.
559 2938 619 2997 151
660 2935 726 2996 τῶν
757 2932 810 2994 νῦν
843 2929 954 2997 θέσθε
990 2934 1191 3022 λησμοσύναν
1226 2939 1385 3000 collatione

274 3039 427 3102 Duebneri
438 3041 471 3102 in
488 3040 551 3102 eod
573 3036 703 3119 aprima
723 3054 813 3097 mann
827 3038 973 3118 scriptum
991 3044 1052 3103 est:
1072 3035 1201 3119 θέσθω,
1221 3045 1286 3102 tum
1305 3062 1331 3102 ιο
1353 3041 1385 3102 in

273 3163 290 3204 ε
310 3147 473 3219 mutatum3
502 3140 635 3204 Cobetus
657 3161 731 3202 vero
756 3162 811 3222 pro
832 3137 953 3206 θέσθω
973 3144 1005 3203 in
1023 3145 1126 3205 codice
1146 3145 1224 3224 legit
1243 3139 1383 3224 θέσθαι,

151 3274 153 3285 ¹
273 3247 354 3326 quod
377 3266 457 3308 nunc
484 3245 657 3308 aNauckio
681 3244 725 3305 ita
745 3248 904 3327 acceptum
923 3246 1075 3325 videmus,
1107 3251 1143 3308 ut
1169 3250 1266 3308 totum
1286 3247 1385 3308 locum

273 3367 328 3428 per
356 3346 559 3410 coniecturam
581 3349 742 3409 emendare
772 3350 905 3410 coneturt
949 3347 1087 3411 Scribere
1114 3351 1193 3411 enim
1212 3351 1296 3412 vult:
1325 3343 1384 3432 χρὴ

272 3450 325 3512 νῦν
345 3445 476 3513 θέσθαι
497 3444 706 3535 λησμοσύναν.
729 3483 773 3494 -
802 3470 831 3512 v.
851 3451 914 3512 557
936 3449 1043 3526 καλιῦς
1063 3447 1103 3514 σύ
1125 3448 1184 3533 μέν
1203 3454 1289 3531 τοῖς,
1313 3451 1385 3526 τοῖς

150 3565 151 3576 ’
272 3545 306 3614 δ’
325 3546 387 3635 ἐγώ
401 3545 526 3616 ’dccccv
547 3552 676 3638 φρονεῖν
687 3551 844 3616 Nauckius
868 3572 927 3614 non
950 3554 1015 3614 sine
1033 3556 1219 3617 dubitatione
1239 3555 1386 3636 proponit,

272 3657 353 3734 qnod
381 3675 442 3719 non
470 3657 553 3717 certa
580 3657 652 3717 sunt
679 3655 711 3714 in
735 3655 837 3717 codice
864 3655 1035 3719 litterarum
1062 3659 1202 3738 vestigia
1254 3655 1386 3718 Oobetns

237 3805 240 3810 .
272 3759 358 3838 enim!
380 3762 485 3821 narrat
507 3752 565 3838 μέν
593 3757 664 3832 τοῖς
695 3777 714 3820 a
740 3759 838 3840 prima
868 3778 960 3820 mann
987 3759 1019 3820 in
1046 3753 1106 3840 μέν
1136 3778 1189 3821 τοι
1219 3761 1387 3820 correctum

272 3881 359 3938 esse,
388 3882 480 3942 quum
509 3860 690 3923 Duebnerus
718 3861 848 3922 affirmet
876 3856 937 3941 μέν
962 3853 988 3942 γ’
1011 3854 1049 3923 οὐ
1078 3862 1230 3921 mutatum
1255 3880 1328 3922 esse
1348 3863 1388 3925 ab

271 3966 378 4026 eadem
399 3985 491 4028 mann
513 3966 544 4026 in
566 3957 625 4044 μέν
648 3983 720 4041 τοι,·
742 3983 837 4043 quare
851 3963 1025 4024 Dindorfius
1048 3965 1146 4022 totum
1165 3966 1266 4026 locum
1287 3984 1387 4025 emen-

271 4067 346 4128 dare
373 4069 489 4129 mavult
522 4070 625 4149 itaque
657 4066 802 4128 scribere:
839 4063 945 4140 καλαῖς
983 4057 1022 4126 σύ
1055 4058 1114 4144 μέν
1149 4059 1219 4145 σοί,
1257 4066 1329 4141 τοῖς
1358 4059 1387 4129 δ’
1515 4085 1519 4092 ·

271 4165 335 4252 ἐγώ
362 4165 487 4235 ’δόκσσν
523 4170 659 4256 φρονεῖν.
717 4168 760 4230 Et
792 4169 867 4231 haec
904 4168 1024 4250 quidem
1051 4167 1140 4229 lectio
1175 4170 1267 4230 etiam
1303 4170 1387 4231 schc
1452 4176 1455 4181 '

142 4288 144 4297 ¹
269 4274 379 4334 liastae
413 4273 677 4355 interpretatione:
715 4271 833 4356 σεαυτῇ
869 4268 975 4347 καλῶς
1010 4263 1132 4347 ἐδόκεις
1162 4273 1305 4358 φρονεῖν,
1342 4265 1386 4354 μὴ

139 4360 143 4467 J
269 4370 529 4460 συμπράσσοι·σᾶ
556 4395 632 4458 μοι,
663 4369 725 4458 ἐγώ
755 4368 792 4437 δέ
815 4368 944 4451 τούτοις
967 4369 988 4461 ἢ
1009 4376 1081 4451 τοῖς
1102 4368 1254 4458 ἀνδράσιν
1273 4367 1295 4457 ἢ
1316 4371 1388 4448 ταῖς

269 4471 364 4558 ε’μσῖς
387 4471 558 4561 δόγμασιν,
583 4479 768 4559 comprobari
787 4479 917 4540 videtur.

1159 4585 1179 4642 2
