<?xml version="1.0" encoding="UTF-8"?>
<!DOCTYPE html PUBLIC "-//W3C//DTD XHTML 1.0 Transitional//EN"
    "http://www.w3.org/TR/xhtml1/DTD/xhtml1-transitional.dtd">
<html xmlns="http://www.w3.org/1999/xhtml" xml:lang="en" lang="en">
 <head>
  <title>
</title>
<meta http-equiv="Content-Type" content="text/html;charset=utf-8" />
  <meta name='ocr-system' content='tesseract 3.04.00' />
  <meta name='ocr-capabilities' content='ocr_page ocr_carea ocr_par ocr_line ocrx_word'/>
</head>
<body>
  <div class='ocr_page' id='page_1' title='image "./quaestionescrit00seyfgoog_0010.png"; bbox 0 0 3584 5292; ppageno 0'>
   <div class='ocr_carea' id='block_1_1' title="bbox 372 562 400 629">
    <p class='ocr_par' dir='ltr' id='par_1_1' title="bbox 372 562 400 629">
     <span class='ocr_line' id='line_1_1' title="bbox 372 562 400 629; baseline 0 0"><span class='ocrx_word' id='word_1_1' title='bbox 372 562 400 629; x_wconf 79' lang='lat'>‘2</span> 
     </span>
    </p>
   </div>
   <div class='ocr_carea' id='block_1_2' title="bbox 382 717 1491 942">
    <p class='ocr_par' dir='ltr' id='par_1_2' title="bbox 382 717 1491 942">
     <span class='ocr_line' id='line_1_2' title="bbox 382 717 1491 837; baseline 0.009 -25"><span class='ocrx_word' id='word_1_2' title='bbox 382 755 414 812; x_wconf 91' lang='lat' dir='ltr'>et</span> <span class='ocrx_word' id='word_1_3' title='bbox 435 751 602 812; x_wconf 89' lang='lat' dir='ltr'>Parisinum</span> <span class='ocrx_word' id='word_1_4' title='bbox 624 753 798 814; x_wconf 73' lang='lat' dir='ltr'>contulerat.</span> <span class='ocrx_word' id='word_1_5' title='bbox 811 717 825 738; x_wconf 28' lang='grc' dir='ltr'><strong>θ</strong></span> <span class='ocrx_word' id='word_1_6' title='bbox 843 752 915 834; x_wconf 91' lang='lat' dir='ltr'>Ipse</span> <span class='ocrx_word' id='word_1_7' title='bbox 939 754 1111 815; x_wconf 88' lang='lat' dir='ltr'>Dindortius</span> <span class='ocrx_word' id='word_1_8' title='bbox 1132 756 1162 815; x_wconf 93' lang='lat' dir='ltr'>in</span> <span class='ocrx_word' id='word_1_9' title='bbox 1185 776 1302 837; x_wconf 88' lang='lat' dir='ltr'>nupera</span> <span class='ocrx_word' id='word_1_10' title='bbox 1323 759 1491 821; x_wconf 83' lang='lat' dir='ltr'>Oxoniensi</span> 
     </span>
     <span class='ocr_line' id='line_1_3' title="bbox 383 856 1491 942; baseline 0.009 -28"><span class='ocrx_word' id='word_1_11' title='bbox 383 856 451 916; x_wconf 89' lang='lat' dir='ltr'>edit.</span> <span class='ocrx_word' id='word_1_12' title='bbox 474 874 500 915; x_wconf 90' lang='lat' dir='ltr'>a.</span> <span class='ocrx_word' id='word_1_13' title='bbox 526 861 609 916; x_wconf 80' lang='lat'>1860</span> <span class='ocrx_word' id='word_1_14' title='bbox 627 875 806 936; x_wconf 90' lang='lat' dir='ltr'>quamquam</span> <span class='ocrx_word' id='word_1_15' title='bbox 822 858 923 934; x_wconf 83' lang='lat' dir='ltr'>legem</span> <span class='ocrx_word' id='word_1_16' title='bbox 946 858 1096 920; x_wconf 81' lang='lat' dir='ltr'>aGcbetc</span> <span class='ocrx_word' id='word_1_17' title='bbox 1117 861 1335 942; x_wconf 77' lang='lat' dir='ltr'>praescriptam</span> <span class='ocrx_word' id='word_1_18' title='bbox 1347 865 1439 924; x_wconf 87' lang='lat' dir='ltr'>coluit</span> <span class='ocrx_word' id='word_1_19' title='bbox 1459 867 1491 924; x_wconf 92' lang='lat' dir='ltr'>et</span> 
     </span>
    </p>
   </div>
   <div class='ocr_carea' id='block_1_3' title="bbox 307 959 1538 4536">
    <p class='ocr_par' dir='ltr' id='par_1_3' title="bbox 307 959 1538 4536">
     <span class='ocr_line' id='line_1_4' title="bbox 383 959 1490 1042; baseline 0.004 -23"><span class='ocrx_word' id='word_1_20' title='bbox 383 959 543 1019; x_wconf 80' lang='lat' dir='ltr'>observare</span> <span class='ocrx_word' id='word_1_21' title='bbox 565 963 690 1019; x_wconf 89' lang='lat' dir='ltr'>conatus</span> <span class='ocrx_word' id='word_1_22' title='bbox 713 965 779 1034; x_wconf 91' lang='lat' dir='ltr'>est,</span> <span class='ocrx_word' id='word_1_23' title='bbox 803 979 892 1040; x_wconf 89' lang='lat' dir='ltr'>qnam</span> <span class='ocrx_word' id='word_1_24' title='bbox 912 961 1117 1021; x_wconf 76' lang='lat' dir='ltr'>inconstanter</span> <span class='ocrx_word' id='word_1_25' title='bbox 1137 965 1238 1022; x_wconf 91' lang='lat' dir='ltr'>tamen</span> <span class='ocrx_word' id='word_1_26' title='bbox 1260 964 1291 1023; x_wconf 91' lang='lat' dir='ltr'>in</span> <span class='ocrx_word' id='word_1_27' title='bbox 1310 984 1346 1024; x_wconf 93' lang='lat' dir='ltr'>eo</span> <span class='ocrx_word' id='word_1_28' title='bbox 1367 964 1490 1042; x_wconf 86' lang='lat' dir='ltr'>negotio</span> 
     </span>
     <span class='ocr_line' id='line_1_5' title="bbox 382 1063 1489 1138; baseline 0.004 -16"><span class='ocrx_word' id='word_1_29' title='bbox 382 1065 523 1122; x_wconf 80' lang='lat' dir='ltr'>versetur</span> <span class='ocrx_word' id='word_1_30' title='bbox 549 1063 680 1123; x_wconf 84' lang='lat' dir='ltr'>ostendit</span> <span class='ocrx_word' id='word_1_31' title='bbox 708 1064 818 1122; x_wconf 88' lang='lat' dir='ltr'>nimius</span> <span class='ocrx_word' id='word_1_32' title='bbox 842 1065 975 1124; x_wconf 90' lang='lat' dir='ltr'>locorum</span> <span class='ocrx_word' id='word_1_33' title='bbox 997 1084 1156 1138; x_wconf 88' lang='lat' dir='ltr'>numerus,</span> <span class='ocrx_word' id='word_1_34' title='bbox 1185 1067 1237 1124; x_wconf 91' lang='lat' dir='ltr'>nbi</span> <span class='ocrx_word' id='word_1_35' title='bbox 1266 1067 1391 1128; x_wconf 88' lang='lat' dir='ltr'>aliorum</span> <span class='ocrx_word' id='word_1_36' title='bbox 1411 1068 1489 1127; x_wconf 92' lang='lat' dir='ltr'>codi-</span> 
     </span>
     <span class='ocr_line' id='line_1_6' title="bbox 383 1165 1491 1248; baseline 0.005 -24"><span class='ocrx_word' id='word_1_37' title='bbox 383 1183 450 1224; x_wconf 86' lang='lat' dir='ltr'>cum</span> <span class='ocrx_word' id='word_1_38' title='bbox 468 1165 611 1225; x_wconf 89' lang='lat' dir='ltr'>lectiones</span> <span class='ocrx_word' id='word_1_39' title='bbox 630 1166 774 1245; x_wconf 80' lang='lat' dir='ltr'>imprimis</span> <span class='ocrx_word' id='word_1_40' title='bbox 797 1165 925 1227; x_wconf 90' lang='lat' dir='ltr'>Parisini</span> <span class='ocrx_word' id='word_1_41' title='bbox 945 1166 975 1226; x_wconf 99' lang='lat' dir='ltr'>A</span> <span class='ocrx_word' id='word_1_42' title='bbox 997 1167 1201 1227; x_wconf 82' lang='lat' dir='ltr'>Laurentiano</span> <span class='ocrx_word' id='word_1_43' title='bbox 1227 1169 1388 1248; x_wconf 85' lang='lat' dir='ltr'>praetulit,</span> <span class='ocrx_word' id='word_1_44' title='bbox 1415 1189 1491 1248; x_wconf 86' lang='lat' dir='ltr'>quos</span> 
     </span>
     <span class='ocr_line' id='line_1_7' title="bbox 382 1267 1491 1351; baseline 0.004 -25"><span class='ocrx_word' id='word_1_45' title='bbox 382 1267 448 1347; x_wconf 89' lang='lat' dir='ltr'>ipse</span> <span class='ocrx_word' id='word_1_46' title='bbox 475 1267 556 1326; x_wconf 82' lang='lat' dir='ltr'>Tem.</span> <span class='ocrx_word' id='word_1_47' title='bbox 585 1267 601 1326; x_wconf 93' lang='lat' dir='ltr'>I</span> <span class='ocrx_word' id='word_1_48' title='bbox 632 1289 700 1348; x_wconf 86' lang='lat' dir='ltr'>pag.</span> <span class='ocrx_word' id='word_1_49' title='bbox 724 1269 829 1330; x_wconf 85' lang='lat' dir='ltr'>VII-</span> <span class='ocrx_word' id='word_1_50' title='bbox 843 1269 910 1329; x_wconf 91' lang='lat' dir='ltr'>XII</span> <span class='ocrx_word' id='word_1_51' title='bbox 940 1271 1128 1330; x_wconf 80' lang='lat' dir='ltr'>enumeravit</span> <span class='ocrx_word' id='word_1_52' title='bbox 1156 1305 1196 1315; x_wconf 80' lang='lat'>-—-</span> <span class='ocrx_word' id='word_1_53' title='bbox 1227 1291 1286 1350; x_wconf 90' lang='lat' dir='ltr'>qua</span> <span class='ocrx_word' id='word_1_54' title='bbox 1312 1273 1432 1351; x_wconf 91' lang='lat' dir='ltr'>quidem</span> <span class='ocrx_word' id='word_1_55' title='bbox 1460 1272 1491 1331; x_wconf 93' lang='lat' dir='ltr'>in</span> 
     </span>
     <span class='ocr_line' id='line_1_8' title="bbox 382 1371 1491 1452; baseline 0.005 -24"><span class='ocrx_word' id='word_1_56' title='bbox 382 1371 605 1430; x_wconf 85' lang='lat' dir='ltr'>enumeratione</span> <span class='ocrx_word' id='word_1_57' title='bbox 627 1372 691 1451; x_wconf 91' lang='lat' dir='ltr'>ipse</span> <span class='ocrx_word' id='word_1_58' title='bbox 714 1372 794 1432; x_wconf 91' lang='lat' dir='ltr'>haud</span> <span class='ocrx_word' id='word_1_59' title='bbox 816 1391 929 1452; x_wconf 88' lang='lat' dir='ltr'>paucos</span> <span class='ocrx_word' id='word_1_60' title='bbox 949 1374 1031 1434; x_wconf 92' lang='lat' dir='ltr'>locos</span> <span class='ocrx_word' id='word_1_61' title='bbox 1054 1373 1207 1451; x_wconf 86' lang='lat' dir='ltr'>neglexit,</span> <span class='ocrx_word' id='word_1_62' title='bbox 1235 1379 1270 1434; x_wconf 91' lang='lat' dir='ltr'>ut</span> <span class='ocrx_word' id='word_1_63' title='bbox 1292 1376 1330 1434; x_wconf 89' lang='lat' dir='ltr'>ab</span> <span class='ocrx_word' id='word_1_64' title='bbox 1351 1375 1388 1434; x_wconf 89' lang='lat' dir='ltr'>A.</span> <span class='ocrx_word' id='word_1_65' title='bbox 1409 1374 1491 1435; x_wconf 86' lang='lat' dir='ltr'>Nau·</span> 
     </span>
     <span class='ocr_line' id='line_1_9' title="bbox 383 1473 1490 1555; baseline 0.005 -23"><span class='ocrx_word' id='word_1_66' title='bbox 383 1473 449 1533; x_wconf 87' lang='lat' dir='ltr'>ckio</span> <span class='ocrx_word' id='word_1_67' title='bbox 470 1473 501 1533; x_wconf 91' lang='lat' dir='ltr'>in</span> <span class='ocrx_word' id='word_1_68' title='bbox 522 1475 696 1535; x_wconf 79' lang='lat' dir='ltr'>recensione</span> <span class='ocrx_word' id='word_1_69' title='bbox 718 1475 799 1535; x_wconf 91' lang='lat' dir='ltr'>illius</span> <span class='ocrx_word' id='word_1_70' title='bbox 823 1476 975 1551; x_wconf 84' lang='lat' dir='ltr'>editionis,</span> <span class='ocrx_word' id='word_1_71' title='bbox 1002 1495 1078 1555; x_wconf 91' lang='lat' dir='ltr'>quae</span> <span class='ocrx_word' id='word_1_72' title='bbox 1101 1479 1203 1536; x_wconf 82' lang='lat' dir='ltr'>exstat</span> <span class='ocrx_word' id='word_1_73' title='bbox 1224 1477 1255 1535; x_wconf 93' lang='lat' dir='ltr'>in</span> <span class='ocrx_word' id='word_1_74' title='bbox 1275 1476 1360 1537; x_wconf 88' lang='lat' dir='ltr'>Iahn.</span> <span class='ocrx_word' id='word_1_75' title='bbox 1384 1477 1490 1537; x_wconf 89' lang='lat' dir='ltr'>Annal.</span> 
     </span>
     <span class='ocr_line' id='line_1_10' title="bbox 384 1575 1493 1664; baseline 0.002 -28"><span class='ocrx_word' id='word_1_76' title='bbox 384 1575 467 1636; x_wconf 58' lang='lat' dir='ltr'>Tem·</span> <span class='ocrx_word' id='word_1_77' title='bbox 497 1576 547 1636; x_wconf 87' lang='lat' dir='ltr'>HI</span> <span class='ocrx_word' id='word_1_78' title='bbox 583 1595 608 1637; x_wconf 92' lang='lat' dir='ltr'>a.</span> <span class='ocrx_word' id='word_1_79' title='bbox 632 1582 698 1664; x_wconf 76' lang='lat'>¹62,</span> <span class='ocrx_word' id='word_1_80' title='bbox 729 1580 971 1639; x_wconf 87' lang='lat' dir='ltr'>animadversum</span> <span class='ocrx_word' id='word_1_81' title='bbox 1005 1583 1060 1639; x_wconf 84' lang='lat' dir='ltr'>est</span> <span class='ocrx_word' id='word_1_82' title='bbox 1127 1578 1227 1649; x_wconf 79' lang='lat' dir='ltr'>Quam</span> <span class='ocrx_word' id='word_1_83' title='bbox 1261 1580 1493 1640; x_wconf 81' lang='lat' dir='ltr'>inconstantiam</span> 
     </span>
     <span class='ocr_line' id='line_1_11' title="bbox 346 1679 1538 1765; baseline 0 -24"><span class='ocrx_word' id='word_1_84' title='bbox 346 1727 355 1748; x_wconf 36' lang='lat' dir='ltr'>c</span> <span class='ocrx_word' id='word_1_85' title='bbox 383 1679 538 1741; x_wconf 87' lang='lat' dir='ltr'>Nauckius</span> <span class='ocrx_word' id='word_1_86' title='bbox 561 1681 579 1741; x_wconf 87' lang='lat' dir='ltr'>l.</span> <span class='ocrx_word' id='word_1_87' title='bbox 604 1682 621 1740; x_wconf 86' lang='lat' dir='ltr'>l.</span> <span class='ocrx_word' id='word_1_88' title='bbox 644 1685 770 1742; x_wconf 68' lang='lat' dir='ltr'>exuam.</span> <span class='ocrx_word' id='word_1_89' title='bbox 789 1682 832 1742; x_wconf 89' lang='lat' dir='ltr'>ita</span> <span class='ocrx_word' id='word_1_90' title='bbox 852 1683 880 1742; x_wconf 90' lang='lat' dir='ltr'>ei</span> <span class='ocrx_word' id='word_1_91' title='bbox 902 1682 1016 1742; x_wconf 90' lang='lat' dir='ltr'>crimini</span> <span class='ocrx_word' id='word_1_92' title='bbox 1038 1683 1147 1756; x_wconf 74' lang='lat' dir='ltr'>vertit,</span> <span class='ocrx_word' id='word_1_93' title='bbox 1174 1685 1209 1742; x_wconf 88' lang='lat' dir='ltr'>ut</span> <span class='ocrx_word' id='word_1_94' title='bbox 1228 1683 1293 1765; x_wconf 90' lang='lat' dir='ltr'>cod.</span> <span class='ocrx_word' id='word_1_95' title='bbox 1314 1682 1491 1744; x_wconf 87' lang='lat' dir='ltr'>Laurentia·</span> <span class='ocrx_word' id='word_1_96' title='bbox 1534 1680 1538 1686; x_wconf 79' lang='grc'><strong>’</strong></span> 
     </span>
     <span class='ocr_line' id='line_1_12' title="bbox 383 1784 1492 1864; baseline 0 -20"><span class='ocrx_word' id='word_1_97' title='bbox 383 1803 456 1844; x_wconf 90' lang='lat' dir='ltr'>num</span> <span class='ocrx_word' id='word_1_98' title='bbox 479 1784 507 1843; x_wconf 90' lang='lat' dir='ltr'>A</span> <span class='ocrx_word' id='word_1_99' title='bbox 538 1784 576 1844; x_wconf 94' lang='lat' dir='ltr'>ad</span> <span class='ocrx_word' id='word_1_100' title='bbox 597 1785 816 1844; x_wconf 90' lang='lat' dir='ltr'>emendandum</span> <span class='ocrx_word' id='word_1_101' title='bbox 838 1785 907 1864; x_wconf 88' lang='lat' dir='ltr'>plns</span> <span class='ocrx_word' id='word_1_102' title='bbox 934 1786 1036 1845; x_wconf 87' lang='lat' dir='ltr'>valere</span> <span class='ocrx_word' id='word_1_103' title='bbox 1058 1788 1197 1863; x_wconf 78' lang='lat' dir='ltr'>oportere</span> <span class='ocrx_word' id='word_1_104' title='bbox 1218 1786 1381 1846; x_wconf 83' lang='lat' dir='ltr'>contendat</span> <span class='ocrx_word' id='word_1_105' title='bbox 1403 1803 1492 1864; x_wconf 89' lang='lat' dir='ltr'>qnam</span> 
     </span>
     <span class='ocr_line' id='line_1_13' title="bbox 385 1886 1493 1966; baseline 0.002 -20"><span class='ocrx_word' id='word_1_106' title='bbox 385 1905 403 1946; x_wconf 88' lang='lat' dir='ltr'>a</span> <span class='ocrx_word' id='word_1_107' title='bbox 431 1886 585 1947; x_wconf 87' lang='lat' dir='ltr'>Dindortio</span> <span class='ocrx_word' id='word_1_108' title='bbox 610 1887 800 1948; x_wconf 89' lang='lat' dir='ltr'>concedatur.</span> <span class='ocrx_word' id='word_1_109' title='bbox 858 1887 924 1948; x_wconf 89' lang='lat' dir='ltr'>Iam</span> <span class='ocrx_word' id='word_1_110' title='bbox 961 1889 1053 1948; x_wconf 89' lang='lat' dir='ltr'>etiam</span> <span class='ocrx_word' id='word_1_111' title='bbox 1083 1888 1150 1948; x_wconf 89' lang='lat' dir='ltr'>aliis</span> <span class='ocrx_word' id='word_1_112' title='bbox 1187 1888 1217 1948; x_wconf 92' lang='lat' dir='ltr'>in</span> <span class='ocrx_word' id='word_1_113' title='bbox 1246 1889 1382 1966; x_wconf 86' lang='lat' dir='ltr'>partibus</span> <span class='ocrx_word' id='word_1_114' title='bbox 1412 1888 1493 1948; x_wconf 91' lang='lat' dir='ltr'>idem</span> 
     </span>
     <span class='ocr_line' id='line_1_14' title="bbox 383 1989 1493 2071; baseline 0.001 -22"><span class='ocrx_word' id='word_1_115' title='bbox 383 1989 555 2050; x_wconf 90' lang='lat' dir='ltr'>Dindorfius</span> <span class='ocrx_word' id='word_1_116' title='bbox 576 1991 613 2050; x_wconf 87' lang='lat' dir='ltr'>ab</span> <span class='ocrx_word' id='word_1_117' title='bbox 637 1990 745 2050; x_wconf 92' lang='lat' dir='ltr'>iudicio</span> <span class='ocrx_word' id='word_1_118' title='bbox 769 2009 823 2050; x_wconf 91' lang='lat' dir='ltr'>suo</span> <span class='ocrx_word' id='word_1_119' title='bbox 846 2009 955 2070; x_wconf 89' lang='lat' dir='ltr'>parum</span> <span class='ocrx_word' id='word_1_120' title='bbox 984 1992 1120 2051; x_wconf 86' lang='lat' dir='ltr'>consulto</span> <span class='ocrx_word' id='word_1_121' title='bbox 1143 1991 1297 2052; x_wconf 87' lang='lat' dir='ltr'>discessit:</span> <span class='ocrx_word' id='word_1_122' title='bbox 1320 1993 1372 2071; x_wconf 92' lang='lat' dir='ltr'>qui</span> <span class='ocrx_word' id='word_1_123' title='bbox 1400 2012 1493 2070; x_wconf 88' lang='lat' dir='ltr'>quum</span> 
     </span>
     <span class='ocr_line' id='line_1_15' title="bbox 384 2092 1492 2174; baseline 0.003 -22"><span class='ocrx_word' id='word_1_124' title='bbox 384 2113 487 2152; x_wconf 90' lang='lat' dir='ltr'>omnes</span> <span class='ocrx_word' id='word_1_125' title='bbox 517 2093 592 2152; x_wconf 87' lang='lat' dir='ltr'>alios</span> <span class='ocrx_word' id='word_1_126' title='bbox 619 2093 736 2153; x_wconf 86' lang='lat' dir='ltr'>codices</span> <span class='ocrx_word' id='word_1_127' title='bbox 766 2094 855 2152; x_wconf 93' lang='lat' dir='ltr'>unius</span> <span class='ocrx_word' id='word_1_128' title='bbox 874 2093 1071 2152; x_wconf 90' lang='lat' dir='ltr'>Laurentiani</span> <span class='ocrx_word' id='word_1_129' title='bbox 1093 2092 1121 2152; x_wconf 92' lang='lat' dir='ltr'>A</span> <span class='ocrx_word' id='word_1_130' title='bbox 1145 2096 1319 2174; x_wconf 85' lang='lat' dir='ltr'>apographa</span> <span class='ocrx_word' id='word_1_131' title='bbox 1345 2116 1416 2155; x_wconf 87' lang='lat' dir='ltr'>csse</span> <span class='ocrx_word' id='word_1_132' title='bbox 1448 2095 1492 2155; x_wconf 93' lang='lat' dir='ltr'>di-</span> 
     </span>
     <span class='ocr_line' id='line_1_16' title="bbox 384 2193 1493 2274; baseline 0 -19"><span class='ocrx_word' id='word_1_133' title='bbox 384 2200 447 2272; x_wconf 88' lang='lat' dir='ltr'>cat,</span> <span class='ocrx_word' id='word_1_134' title='bbox 481 2195 620 2254; x_wconf 85' lang='lat' dir='ltr'>inferiore</span> <span class='ocrx_word' id='word_1_135' title='bbox 654 2196 865 2274; x_wconf 86' lang='lat' dir='ltr'>disputationis</span> <span class='ocrx_word' id='word_1_136' title='bbox 902 2195 968 2253; x_wconf 93' lang='lat' dir='ltr'>loco</span> <span class='ocrx_word' id='word_1_137' title='bbox 1002 2195 1066 2254; x_wconf 91' lang='lat' dir='ltr'>cod.</span> <span class='ocrx_word' id='word_1_138' title='bbox 1098 2193 1308 2256; x_wconf 84' lang='lat' dir='ltr'>Florentinum</span> <span class='ocrx_word' id='word_1_139' title='bbox 1342 2196 1493 2257; x_wconf 87' lang='lat' dir='ltr'>Abbatiae</span> 
     </span>
     <span class='ocr_line' id='line_1_17' title="bbox 307 2294 1494 2375; baseline 0.001 -16"><span class='ocrx_word' id='word_1_140' title='bbox 307 2321 310 2326; x_wconf 56' lang='lat'><strong><em>⁴</em></strong></span> <span class='ocrx_word' id='word_1_141' title='bbox 385 2294 479 2359; x_wconf 65' lang='lat'><strong>9725.</strong></span> <span class='ocrx_word' id='word_1_142' title='bbox 513 2297 615 2357; x_wconf 89' lang='lat' dir='ltr'>littera</span> <span class='ocrx_word' id='word_1_143' title='bbox 642 2301 672 2358; x_wconf 87' lang='grc' dir='ltr'><em>Γ</em></span> <span class='ocrx_word' id='word_1_144' title='bbox 706 2297 859 2375; x_wconf 83' lang='lat' dir='ltr'>signatum</span> <span class='ocrx_word' id='word_1_145' title='bbox 894 2296 974 2356; x_wconf 92' lang='lat' dir='ltr'>haud</span> <span class='ocrx_word' id='word_1_146' title='bbox 1009 2297 1274 2358; x_wconf 87' lang='lat' dir='ltr'>immemorabilem</span> <span class='ocrx_word' id='word_1_147' title='bbox 1307 2319 1376 2358; x_wconf 89' lang='lat' dir='ltr'>csse</span> <span class='ocrx_word' id='word_1_148' title='bbox 1410 2300 1494 2360; x_wconf 90' lang='lat' dir='ltr'>ducit</span> 
     </span>
     <span class='ocr_line' id='line_1_18' title="bbox 382 2399 1492 2482; baseline 0.001 -21"><span class='ocrx_word' id='word_1_149' title='bbox 382 2421 480 2482; x_wconf 90' lang='lat' dir='ltr'>neque</span> <span class='ocrx_word' id='word_1_150' title='bbox 510 2401 614 2480; x_wconf 88' lang='lat' dir='ltr'>paucis</span> <span class='ocrx_word' id='word_1_151' title='bbox 642 2400 731 2474; x_wconf 84' lang='lat' dir='ltr'>locis,</span> <span class='ocrx_word' id='word_1_152' title='bbox 763 2421 837 2479; x_wconf 91' lang='lat' dir='ltr'>quos</span> <span class='ocrx_word' id='word_1_153' title='bbox 874 2399 905 2459; x_wconf 90' lang='lat' dir='ltr'>in</span> <span class='ocrx_word' id='word_1_154' title='bbox 933 2419 1062 2459; x_wconf 89' lang='lat' dir='ltr'>recensu</span> <span class='ocrx_word' id='word_1_155' title='bbox 1088 2401 1257 2462; x_wconf 84' lang='lat' dir='ltr'>fabularum</span> <span class='ocrx_word' id='word_1_156' title='bbox 1285 2403 1492 2479; x_wconf 85' lang='lat' dir='ltr'>cognovimus,</span> 
     </span>
     <span class='ocr_line' id='line_1_19' title="bbox 383 2502 1492 2582; baseline -0.001 -18"><span class='ocrx_word' id='word_1_157' title='bbox 383 2504 449 2564; x_wconf 85' lang='lat' dir='ltr'>e&#39;ius</span> <span class='ocrx_word' id='word_1_158' title='bbox 469 2503 646 2563; x_wconf 90' lang='lat' dir='ltr'>lectionibus</span> <span class='ocrx_word' id='word_1_159' title='bbox 668 2503 905 2563; x_wconf 88' lang='lat' dir='ltr'>Laurentianum</span> <span class='ocrx_word' id='word_1_160' title='bbox 927 2502 957 2561; x_wconf 88' lang='lat' dir='ltr'>A</span> <span class='ocrx_word' id='word_1_161' title='bbox 978 2504 1160 2582; x_wconf 68' lang='lat' dir='ltr'>posthabuit,</span> <span class='ocrx_word' id='word_1_162' title='bbox 1213 2503 1301 2574; x_wconf 78' lang='lat' dir='ltr'>Quae</span> <span class='ocrx_word' id='word_1_163' title='bbox 1321 2505 1492 2566; x_wconf 85' lang='lat' dir='ltr'>inconstan-</span> 
     </span>
     <span class='ocr_line' id='line_1_20' title="bbox 381 2606 1489 2686; baseline 0 -18"><span class='ocrx_word' id='word_1_164' title='bbox 381 2608 425 2668; x_wconf 87' lang='lat' dir='ltr'>tia</span> <span class='ocrx_word' id='word_1_165' title='bbox 444 2607 592 2667; x_wconf 87' lang='lat' dir='ltr'>eiusmodi</span> <span class='ocrx_word' id='word_1_166' title='bbox 614 2625 686 2664; x_wconf 88' lang='lat' dir='ltr'>sane</span> <span class='ocrx_word' id='word_1_167' title='bbox 712 2609 775 2680; x_wconf 89' lang='lat' dir='ltr'>est,</span> <span class='ocrx_word' id='word_1_168' title='bbox 804 2609 839 2666; x_wconf 93' lang='lat' dir='ltr'>ut</span> <span class='ocrx_word' id='word_1_169' title='bbox 860 2606 972 2666; x_wconf 89' lang='lat' dir='ltr'>nemini</span> <span class='ocrx_word' id='word_1_170' title='bbox 994 2625 1054 2665; x_wconf 91' lang='lat' dir='ltr'>non</span> <span class='ocrx_word' id='word_1_171' title='bbox 1076 2607 1174 2686; x_wconf 91' lang='lat' dir='ltr'>possit</span> <span class='ocrx_word' id='word_1_172' title='bbox 1194 2607 1410 2670; x_wconf 81' lang='lat' dir='ltr'>dubitationem</span> <span class='ocrx_word' id='word_1_173' title='bbox 1427 2629 1489 2669; x_wconf 91' lang='lat' dir='ltr'>mo·</span> 
     </span>
     <span class='ocr_line' id='line_1_21' title="bbox 381 2708 1491 2794; baseline 0.002 -24"><span class='ocrx_word' id='word_1_174' title='bbox 381 2729 470 2784; x_wconf 86' lang='lat' dir='ltr'>vere,</span> <span class='ocrx_word' id='word_1_175' title='bbox 506 2709 685 2794; x_wconf 78' lang='lat' dir='ltr'>praesertim</span> <span class='ocrx_word' id='word_1_176' title='bbox 722 2727 813 2787; x_wconf 92' lang='lat' dir='ltr'>quum</span> <span class='ocrx_word' id='word_1_177' title='bbox 847 2708 878 2768; x_wconf 92' lang='lat' dir='ltr'>in</span> <span class='ocrx_word' id='word_1_178' title='bbox 915 2709 1136 2786; x_wconf 85' lang='lat' dir='ltr'>pertractandis</span> <span class='ocrx_word' id='word_1_179' title='bbox 1174 2709 1282 2770; x_wconf 87' lang='lat' dir='ltr'>fabulis</span> <span class='ocrx_word' id='word_1_180' title='bbox 1311 2711 1390 2771; x_wconf 90' lang='lat' dir='ltr'>haud</span> <span class='ocrx_word' id='word_1_181' title='bbox 1422 2730 1491 2772; x_wconf 88' lang='lat' dir='ltr'>raro</span> 
     </span>
     <span class='ocr_line' id='line_1_22' title="bbox 381 2807 1491 2893; baseline 0 -20"><span class='ocrx_word' id='word_1_182' title='bbox 381 2813 475 2873; x_wconf 90' lang='lat' dir='ltr'>multo</span> <span class='ocrx_word' id='word_1_183' title='bbox 504 2807 739 2891; x_wconf 86' lang='lat' dir='ltr'>praestantiores</span> <span class='ocrx_word' id='word_1_184' title='bbox 766 2811 912 2870; x_wconf 90' lang='lat' dir='ltr'>lectiones</span> <span class='ocrx_word' id='word_1_185' title='bbox 942 2812 980 2870; x_wconf 91' lang='lat' dir='ltr'>ab</span> <span class='ocrx_word' id='word_1_186' title='bbox 1018 2811 1084 2870; x_wconf 89' lang='lat' dir='ltr'>aliis</span> <span class='ocrx_word' id='word_1_187' title='bbox 1117 2812 1268 2873; x_wconf 86' lang='lat' dir='ltr'>codicibus</span> <span class='ocrx_word' id='word_1_188' title='bbox 1299 2814 1444 2893; x_wconf 90' lang='lat' dir='ltr'>imprimis</span> <span class='ocrx_word' id='word_1_189' title='bbox 1472 2833 1491 2874; x_wconf 90' lang='lat' dir='ltr'>a</span> 
     </span>
     <span class='ocr_line' id='line_1_23' title="bbox 380 2913 1488 2996; baseline 0 -20"><span class='ocrx_word' id='word_1_190' title='bbox 380 2915 443 2976; x_wconf 79' lang='lat' dir='ltr'>cod</span> <span class='ocrx_word' id='word_1_191' title='bbox 465 2913 599 2993; x_wconf 86' lang='lat' dir='ltr'>Parisino</span> <span class='ocrx_word' id='word_1_192' title='bbox 618 2915 645 2974; x_wconf 87' lang='lat' dir='ltr'>A</span> <span class='ocrx_word' id='word_1_193' title='bbox 666 2918 698 2974; x_wconf 89' lang='lat' dir='ltr'>et</span> <span class='ocrx_word' id='word_1_194' title='bbox 722 2933 740 2974; x_wconf 87' lang='lat' dir='ltr'>a</span> <span class='ocrx_word' id='word_1_195' title='bbox 762 2913 964 2974; x_wconf 83' lang='lat' dir='ltr'>Laurentiano</span> <span class='ocrx_word' id='word_1_196' title='bbox 988 2917 1017 2973; x_wconf 88' lang='grc' dir='ltr'><strong><em>Γ</em></strong></span> <span class='ocrx_word' id='word_1_197' title='bbox 1037 2915 1176 2994; x_wconf 89' lang='lat' dir='ltr'>praeberi</span> <span class='ocrx_word' id='word_1_198' title='bbox 1201 2917 1375 2996; x_wconf 87' lang='lat' dir='ltr'>perspiciat.</span> <span class='ocrx_word' id='word_1_199' title='bbox 1426 2916 1488 2977; x_wconf 88' lang='lat' dir='ltr'>Ita-</span> 
     </span>
     <span class='ocr_line' id='line_1_24' title="bbox 380 3017 1491 3098; baseline -0.001 -19"><span class='ocrx_word' id='word_1_200' title='bbox 380 3019 518 3098; x_wconf 82' lang='lat' dir='ltr'>que&#39;non</span> <span class='ocrx_word' id='word_1_201' title='bbox 538 3018 647 3078; x_wconf 89' lang='lat' dir='ltr'>iniuria</span> <span class='ocrx_word' id='word_1_202' title='bbox 670 3017 791 3096; x_wconf 85' lang='lat' dir='ltr'>saepius</span> <span class='ocrx_word' id='word_1_203' title='bbox 815 3017 940 3078; x_wconf 87' lang='lat' dir='ltr'>alterius</span> <span class='ocrx_word' id='word_1_204' title='bbox 960 3018 1103 3077; x_wconf 92' lang='lat' dir='ltr'>librorum</span> <span class='ocrx_word' id='word_1_205' title='bbox 1125 3018 1273 3094; x_wconf 80' lang='lat' dir='ltr'>familiae,</span> <span class='ocrx_word' id='word_1_206' title='bbox 1295 3039 1386 3097; x_wconf 89' lang='lat' dir='ltr'>qnam</span> <span class='ocrx_word' id='word_1_207' title='bbox 1406 3019 1491 3080; x_wconf 90' lang='lat' dir='ltr'>ducit</span> 
     </span>
     <span class='ocr_line' id='line_1_25' title="bbox 379 3119 1489 3199; baseline 0 -16"><span class='ocrx_word' id='word_1_208' title='bbox 379 3121 532 3183; x_wconf 86' lang='lat' dir='ltr'>Parisinus</span> <span class='ocrx_word' id='word_1_209' title='bbox 554 3120 597 3195; x_wconf 88' lang='lat' dir='ltr'>A,</span> <span class='ocrx_word' id='word_1_210' title='bbox 620 3120 776 3199; x_wconf 88' lang='lat' dir='ltr'>scripturis</span> <span class='ocrx_word' id='word_1_211' title='bbox 799 3119 880 3180; x_wconf 90' lang='lat' dir='ltr'>illius</span> <span class='ocrx_word' id='word_1_212' title='bbox 903 3119 1098 3180; x_wconf 90' lang='lat' dir='ltr'>Laurentiani</span> <span class='ocrx_word' id='word_1_213' title='bbox 1119 3121 1148 3180; x_wconf 89' lang='lat' dir='ltr'>A</span> <span class='ocrx_word' id='word_1_214' title='bbox 1170 3123 1333 3182; x_wconf 86' lang='lat' dir='ltr'>auctoritas</span> <span class='ocrx_word' id='word_1_215' title='bbox 1355 3141 1373 3182; x_wconf 88' lang='lat' dir='ltr'>a</span> <span class='ocrx_word' id='word_1_216' title='bbox 1392 3121 1489 3183; x_wconf 82' lang='lat' dir='ltr'>&#39;Pheo-</span> 
     </span>
     <span class='ocr_line' id='line_1_26' title="bbox 380 3222 1488 3310; baseline -0.003 -25"><span class='ocrx_word' id='word_1_217' title='bbox 380 3223 452 3285; x_wconf 90' lang='lat' dir='ltr'>doro</span> <span class='ocrx_word' id='word_1_218' title='bbox 475 3223 608 3302; x_wconf 80' lang='lat' dir='ltr'>Bergkio</span> <span class='ocrx_word' id='word_1_219' title='bbox 636 3223 808 3302; x_wconf 89' lang='lat' dir='ltr'>posthabita</span> <span class='ocrx_word' id='word_1_220' title='bbox 833 3241 902 3282; x_wconf 88' lang='lat' dir='ltr'>esse</span> <span class='ocrx_word' id='word_1_221' title='bbox 932 3222 1004 3282; x_wconf 80' lang='lat' dir='ltr'>milri</span> <span class='ocrx_word' id='word_1_222' title='bbox 1033 3223 1161 3282; x_wconf 83' lang='lat' dir='ltr'>ridetur.</span> <span class='ocrx_word' id='word_1_223' title='bbox 1212 3223 1315 3310; x_wconf 88' lang='lat' dir='ltr'>Atque</span> <span class='ocrx_word' id='word_1_224' title='bbox 1339 3223 1370 3283; x_wconf 92' lang='lat' dir='ltr'>in</span> <span class='ocrx_word' id='word_1_225' title='bbox 1399 3225 1488 3286; x_wconf 87' lang='lat' dir='ltr'>huius</span> 
     </span>
     <span class='ocr_line' id='line_1_27' title="bbox 379 3325 1489 3406; baseline -0.002 -18"><span class='ocrx_word' id='word_1_226' title='bbox 379 3328 437 3388; x_wconf 80' lang='lat' dir='ltr'>viri</span> <span class='ocrx_word' id='word_1_227' title='bbox 468 3328 646 3388; x_wconf 89' lang='lat' dir='ltr'>sententiam</span> <span class='ocrx_word' id='word_1_228' title='bbox 673 3326 821 3386; x_wconf 86' lang='lat' dir='ltr'>concessit</span> <span class='ocrx_word' id='word_1_229' title='bbox 842 3325 944 3384; x_wconf 85' lang='lat' dir='ltr'>Herm.</span> <span class='ocrx_word' id='word_1_230' title='bbox 967 3325 1071 3385; x_wconf 90' lang='lat' dir='ltr'>Iustus</span> <span class='ocrx_word' id='word_1_231' title='bbox 1094 3326 1229 3406; x_wconf 69' lang='lat' dir='ltr'>Lipsius</span> <span class='ocrx_word' id='word_1_232' title='bbox 1244 3328 1275 3386; x_wconf 93' lang='lat' dir='ltr'>in</span> <span class='ocrx_word' id='word_1_233' title='bbox 1304 3327 1422 3388; x_wconf 86' lang='lat' dir='ltr'>dissert.</span> <span class='ocrx_word' id='word_1_234' title='bbox 1450 3329 1489 3387; x_wconf 88' lang='lat' dir='ltr'>de</span> 
     </span>
     <span class='ocr_line' id='line_1_28' title="bbox 381 3425 1487 3511; baseline -0.002 -19"><span class='ocrx_word' id='word_1_235' title='bbox 381 3431 516 3511; x_wconf 82' lang='lat' dir='ltr'>Sophocl.</span> <span class='ocrx_word' id='word_1_236' title='bbox 544 3428 722 3489; x_wconf 87' lang='lat' dir='ltr'>emendandi</span> <span class='ocrx_word' id='word_1_237' title='bbox 751 3425 909 3506; x_wconf 92' lang='lat' dir='ltr'>praesidiis</span> <span class='ocrx_word' id='word_1_238' title='bbox 937 3427 1017 3506; x_wconf 87' lang='lat' dir='ltr'>Lips.</span> <span class='ocrx_word' id='word_1_239' title='bbox 1048 3448 1072 3488; x_wconf 84' lang='lat' dir='ltr'>a</span> <span class='ocrx_word' id='word_1_240' title='bbox 1098 3433 1197 3502; x_wconf 88' lang='grc'>1860,</span> <span class='ocrx_word' id='word_1_241' title='bbox 1226 3429 1277 3507; x_wconf 92' lang='lat' dir='ltr'>qui</span> <span class='ocrx_word' id='word_1_242' title='bbox 1305 3450 1397 3507; x_wconf 91' lang='lat' dir='ltr'>quum</span> <span class='ocrx_word' id='word_1_243' title='bbox 1425 3431 1487 3490; x_wconf 89' lang='lat' dir='ltr'>cod.</span> 
     </span>
     <span class='ocr_line' id='line_1_29' title="bbox 379 3529 1487 3594; baseline -0.002 0"><span class='ocrx_word' id='word_1_244' title='bbox 379 3531 549 3594; x_wconf 89' lang='lat' dir='ltr'>Parisinum</span> <span class='ocrx_word' id='word_1_245' title='bbox 579 3531 667 3592; x_wconf 89' lang='lat' dir='ltr'>aliam</span> <span class='ocrx_word' id='word_1_246' title='bbox 695 3533 726 3588; x_wconf 90' lang='lat' dir='ltr'>et</span> <span class='ocrx_word' id='word_1_247' title='bbox 754 3549 772 3589; x_wconf 92' lang='lat' dir='ltr'>a</span> <span class='ocrx_word' id='word_1_248' title='bbox 800 3529 1005 3591; x_wconf 88' lang='lat' dir='ltr'>Laurentiano</span> <span class='ocrx_word' id='word_1_249' title='bbox 1033 3532 1185 3592; x_wconf 81' lang='lat' dir='ltr'>diversam</span> <span class='ocrx_word' id='word_1_250' title='bbox 1213 3533 1355 3592; x_wconf 85' lang='lat' dir='ltr'>familiam</span> <span class='ocrx_word' id='word_1_251' title='bbox 1376 3535 1487 3594; x_wconf 89' lang='lat' dir='ltr'>ducere</span> 
     </span>
     <span class='ocr_line' id='line_1_30' title="bbox 380 3631 1487 3724; baseline -0.002 -28"><span class='ocrx_word' id='word_1_252' title='bbox 380 3633 511 3698; x_wconf 88' lang='lat' dir='ltr'>ostendit</span> <span class='ocrx_word' id='word_1_253' title='bbox 533 3636 597 3694; x_wconf 91' lang='lat' dir='ltr'>tum</span> <span class='ocrx_word' id='word_1_254' title='bbox 623 3633 666 3724; x_wconf 79' lang='lat' dir='ltr'>illi</span> <span class='ocrx_word' id='word_1_255' title='bbox 685 3633 775 3692; x_wconf 89' lang='lat' dir='ltr'>etiam</span> <span class='ocrx_word' id='word_1_256' title='bbox 797 3631 912 3710; x_wconf 90' lang='lat' dir='ltr'>aliquas</span> <span class='ocrx_word' id='word_1_257' title='bbox 933 3633 964 3691; x_wconf 93' lang='lat' dir='ltr'>in</span> <span class='ocrx_word' id='word_1_258' title='bbox 986 3633 1164 3709; x_wconf 84' lang='lat' dir='ltr'>corrigendo</span> <span class='ocrx_word' id='word_1_259' title='bbox 1188 3640 1290 3712; x_wconf 89' lang='lat' dir='ltr'>partes</span> <span class='ocrx_word' id='word_1_260' title='bbox 1313 3635 1487 3694; x_wconf 88' lang='lat' dir='ltr'>tribuendas</span> 
     </span>
     <span class='ocr_line' id='line_1_31' title="bbox 378 3733 1527 3814; baseline -0.002 -14"><span class='ocrx_word' id='word_1_261' title='bbox 378 3759 447 3807; x_wconf 81' lang='lat' dir='ltr'>esse</span> <span class='ocrx_word' id='word_1_262' title='bbox 469 3737 630 3798; x_wconf 87' lang='lat' dir='ltr'>existimat.</span> <span class='ocrx_word' id='word_1_263' title='bbox 671 3733 720 3793; x_wconf 89' lang='lat' dir='ltr'>Ab</span> <span class='ocrx_word' id='word_1_264' title='bbox 742 3734 848 3795; x_wconf 91' lang='lat' dir='ltr'>eodem</span> <span class='ocrx_word' id='word_1_265' title='bbox 881 3735 946 3795; x_wconf 83' lang='lat' dir='ltr'>viro</span> <span class='ocrx_word' id='word_1_266' title='bbox 973 3734 1149 3812; x_wconf 79' lang='lat' dir='ltr'>diligentius</span> <span class='ocrx_word' id='word_1_267' title='bbox 1186 3756 1263 3814; x_wconf 88' lang='lat' dir='ltr'>quac</span> <span class='ocrx_word' id='word_1_268' title='bbox 1290 3738 1367 3798; x_wconf 89' lang='lat' dir='ltr'>ratio</span> <span class='ocrx_word' id='word_1_269' title='bbox 1394 3738 1488 3798; x_wconf 88' lang='lat' dir='ltr'>codici</span> <span class='ocrx_word' id='word_1_270' title='bbox 1524 3775 1527 3779; x_wconf 92' lang='lat'>-</span> 
     </span>
     <span class='ocr_line' id='line_1_32' title="bbox 377 3837 1487 3918; baseline 0 -16"><span class='ocrx_word' id='word_1_271' title='bbox 377 3843 581 3903; x_wconf 88' lang='lat' dir='ltr'>Laurentiano</span> <span class='ocrx_word' id='word_1_272' title='bbox 604 3843 634 3900; x_wconf 87' lang='grc' dir='ltr'>Γ</span> <span class='ocrx_word' id='word_1_273' title='bbox 655 3857 722 3898; x_wconf 92' lang='lat' dir='ltr'>cum</span> <span class='ocrx_word' id='word_1_274' title='bbox 745 3837 947 3898; x_wconf 88' lang='lat' dir='ltr'>Laurentiano</span> <span class='ocrx_word' id='word_1_275' title='bbox 975 3839 1003 3898; x_wconf 90' lang='lat' dir='ltr'>A</span> <span class='ocrx_word' id='word_1_276' title='bbox 1032 3838 1197 3898; x_wconf 85' lang='lat' dir='ltr'>intercedat</span> <span class='ocrx_word' id='word_1_277' title='bbox 1222 3841 1390 3918; x_wconf 88' lang='lat' dir='ltr'>quaesitum</span> <span class='ocrx_word' id='word_1_278' title='bbox 1423 3845 1487 3914; x_wconf 85' lang='lat' dir='ltr'>est;</span> 
     </span>
     <span class='ocr_line' id='line_1_33' title="bbox 377 3939 1485 4024; baseline 0.001 -21"><span class='ocrx_word' id='word_1_279' title='bbox 377 3945 457 4024; x_wconf 89' lang='lat' dir='ltr'>quod</span> <span class='ocrx_word' id='word_1_280' title='bbox 477 3943 565 4020; x_wconf 89' lang='lat' dir='ltr'>quale</span> <span class='ocrx_word' id='word_1_281' title='bbox 587 3943 635 4017; x_wconf 91' lang='lat' dir='ltr'>sit,</span> <span class='ocrx_word' id='word_1_282' title='bbox 656 3943 733 4002; x_wconf 81' lang='lat' dir='ltr'>infra</span> <span class='ocrx_word' id='word_1_283' title='bbox 754 3939 924 4000; x_wconf 89' lang='lat' dir='ltr'>accuratius</span> <span class='ocrx_word' id='word_1_284' title='bbox 947 3939 1099 4018; x_wconf 81' lang='lat' dir='ltr'>explicare</span> <span class='ocrx_word' id='word_1_285' title='bbox 1115 3941 1200 4000; x_wconf 91' lang='lat' dir='ltr'>nobis</span> <span class='ocrx_word' id='word_1_286' title='bbox 1221 3943 1408 4021; x_wconf 88' lang='lat' dir='ltr'>propositum</span> <span class='ocrx_word' id='word_1_287' title='bbox 1428 3951 1485 4006; x_wconf 84' lang='lat' dir='ltr'>est.</span> 
     </span>
     <span class='ocr_line' id='line_1_34' title="bbox 377 4041 1487 4120; baseline 0 -14"><span class='ocrx_word' id='word_1_288' title='bbox 377 4046 503 4106; x_wconf 87' lang='lat' dir='ltr'>Interim</span> <span class='ocrx_word' id='word_1_289' title='bbox 529 4046 584 4105; x_wconf 91' lang='lat' dir='ltr'>hoc</span> <span class='ocrx_word' id='word_1_290' title='bbox 609 4046 673 4106; x_wconf 92' lang='lat' dir='ltr'>loco</span> <span class='ocrx_word' id='word_1_291' title='bbox 704 4045 836 4104; x_wconf 77' lang='lat' dir='ltr'>breviter</span> <span class='ocrx_word' id='word_1_292' title='bbox 862 4062 927 4102; x_wconf 91' lang='lat' dir='ltr'>rem</span> <span class='ocrx_word' id='word_1_293' title='bbox 955 4042 1168 4120; x_wconf 87' lang='lat' dir='ltr'>significamus.</span> <span class='ocrx_word' id='word_1_294' title='bbox 1223 4041 1364 4105; x_wconf 84' lang='lat' dir='ltr'>Codicem</span> <span class='ocrx_word' id='word_1_295' title='bbox 1386 4050 1417 4108; x_wconf 85' lang='grc' dir='ltr'><strong><em>Γ</em></strong></span> <span class='ocrx_word' id='word_1_296' title='bbox 1446 4067 1487 4107; x_wconf 86' lang='lat' dir='ltr'>ex</span> 
     </span>
     <span class='ocr_line' id='line_1_35' title="bbox 378 4146 1484 4228; baseline 0 -19"><span class='ocrx_word' id='word_1_297' title='bbox 378 4151 444 4228; x_wconf 88' lang='lat' dir='ltr'>ipso</span> <span class='ocrx_word' id='word_1_298' title='bbox 473 4147 675 4208; x_wconf 87' lang='lat' dir='ltr'>Laurentiano</span> <span class='ocrx_word' id='word_1_299' title='bbox 698 4147 728 4207; x_wconf 90' lang='lat' dir='ltr'>A</span> <span class='ocrx_word' id='word_1_300' title='bbox 758 4167 817 4207; x_wconf 89' lang='lat' dir='ltr'>non</span> <span class='ocrx_word' id='word_1_301' title='bbox 842 4147 964 4207; x_wconf 91' lang='lat' dir='ltr'>ductum</span> <span class='ocrx_word' id='word_1_302' title='bbox 993 4164 1079 4219; x_wconf 87' lang='lat' dir='ltr'>esse,</span> <span class='ocrx_word' id='word_1_303' title='bbox 1106 4146 1255 4204; x_wconf 90' lang='lat' dir='ltr'>neminem</span> <span class='ocrx_word' id='word_1_304' title='bbox 1278 4166 1352 4217; x_wconf 85' lang='lat' dir='ltr'>sane</span> <span class='ocrx_word' id='word_1_305' title='bbox 1379 4150 1484 4228; x_wconf 80' lang='lat' dir='ltr'>fugiet,</span> 
     </span>
     <span class='ocr_line' id='line_1_36' title="bbox 379 4247 1485 4333; baseline -0.002 -21"><span class='ocrx_word' id='word_1_306' title='bbox 379 4251 428 4333; x_wconf 88' lang='lat' dir='ltr'>qui</span> <span class='ocrx_word' id='word_1_307' title='bbox 449 4252 479 4311; x_wconf 90' lang='lat' dir='ltr'>in</span> <span class='ocrx_word' id='word_1_308' title='bbox 503 4251 552 4310; x_wconf 92' lang='lat' dir='ltr'>illo</span> <span class='ocrx_word' id='word_1_309' title='bbox 576 4249 676 4310; x_wconf 90' lang='lat' dir='ltr'>codice</span> <span class='ocrx_word' id='word_1_310' title='bbox 699 4269 759 4309; x_wconf 93' lang='lat' dir='ltr'>non</span> <span class='ocrx_word' id='word_1_311' title='bbox 781 4250 877 4310; x_wconf 91' lang='lat' dir='ltr'>solum</span> <span class='ocrx_word' id='word_1_312' title='bbox 900 4249 1012 4309; x_wconf 87' lang='lat' dir='ltr'>scholia</span> <span class='ocrx_word' id='word_1_313' title='bbox 1033 4247 1191 4322; x_wconf 88' lang='lat' dir='ltr'>nonnulla,</span> <span class='ocrx_word' id='word_1_314' title='bbox 1212 4250 1320 4328; x_wconf 90' lang='lat' dir='ltr'>quibus</span> <span class='ocrx_word' id='word_1_315' title='bbox 1343 4250 1432 4328; x_wconf 76' lang='lat' dir='ltr'>Lanu</span> <span class='ocrx_word' id='word_1_316' title='bbox 1454 4249 1485 4310; x_wconf 94' lang='lat' dir='ltr'>A</span> 
     </span>
     <span class='ocr_line' id='line_1_37' title="bbox 377 4350 1486 4430; baseline 0.001 -17"><span class='ocrx_word' id='word_1_317' title='bbox 377 4355 494 4428; x_wconf 84' lang='lat' dir='ltr'>careat,</span> <span class='ocrx_word' id='word_1_318' title='bbox 521 4353 653 4427; x_wconf 82' lang='lat' dir='ltr'>exstare,</span> <span class='ocrx_word' id='word_1_319' title='bbox 675 4353 730 4412; x_wconf 90' lang='lat' dir='ltr'>sed</span> <span class='ocrx_word' id='word_1_320' title='bbox 752 4352 843 4414; x_wconf 84' lang='lat' dir='ltr'>eliam</span> <span class='ocrx_word' id='word_1_321' title='bbox 865 4352 933 4416; x_wconf 72' lang='lat' dir='ltr'>alia.</span> <span class='ocrx_word' id='word_1_322' title='bbox 942 4350 1107 4429; x_wconf 82' lang='lat' dir='ltr'>integriora</span> <span class='ocrx_word' id='word_1_323' title='bbox 1128 4355 1216 4430; x_wconf 87' lang='lat' dir='ltr'>quam</span> <span class='ocrx_word' id='word_1_324' title='bbox 1237 4351 1270 4413; x_wconf 92' lang='lat' dir='ltr'>in</span> <span class='ocrx_word' id='word_1_325' title='bbox 1290 4354 1343 4415; x_wconf 92' lang='lat' dir='ltr'>illc</span> <span class='ocrx_word' id='word_1_326' title='bbox 1364 4356 1486 4414; x_wconf 83' lang='lat' dir='ltr'>servata</span> 
     </span>
     <span class='ocr_line' id='line_1_38' title="bbox 378 4455 1485 4536; baseline -0.002 -18"><span class='ocrx_word' id='word_1_327' title='bbox 378 4477 446 4519; x_wconf 88' lang='lat' dir='ltr'>esse</span> <span class='ocrx_word' id='word_1_328' title='bbox 468 4456 658 4519; x_wconf 83' lang='lat' dir='ltr'>intellexerit.</span> <span class='ocrx_word' id='word_1_329' title='bbox 702 4455 790 4518; x_wconf 86' lang='lat' dir='ltr'>Adde</span> <span class='ocrx_word' id='word_1_330' title='bbox 813 4455 905 4518; x_wconf 85' lang='lat' dir='ltr'>ctiam</span> <span class='ocrx_word' id='word_1_331' title='bbox 927 4455 1007 4534; x_wconf 87' lang='lat' dir='ltr'>quod</span> <span class='ocrx_word' id='word_1_332' title='bbox 1028 4455 1125 4516; x_wconf 85' lang='lat' dir='ltr'>codex</span> <span class='ocrx_word' id='word_1_333' title='bbox 1147 4457 1178 4516; x_wconf 92' lang='grc' dir='ltr'>Γ</span> <span class='ocrx_word' id='word_1_334' title='bbox 1199 4455 1378 4536; x_wconf 85' lang='lat' dir='ltr'>quibusdam</span> <span class='ocrx_word' id='word_1_335' title='bbox 1399 4473 1485 4516; x_wconf 90' lang='lat' dir='ltr'>men-</span> 
     </span>
    </p>
   </div>
   <div class='ocr_carea' id='block_1_4' title="bbox 0 0 1796 5292">
    <p class='ocr_par' dir='ltr' id='par_1_4' title="bbox 0 0 1796 5292">
     <span class='ocr_line' id='line_1_39' title="bbox 0 0 1796 5292; baseline 0 1"><span class='ocrx_word' id='word_1_336' title='bbox 0 0 1796 5292; x_wconf 95' lang='lat' dir='ltr'> </span> 
     </span>
    </p>
   </div>
  </div>
 </body>
</html>
