3584 5292
351 535 374 603 s
812 501 923 618 ximat,

401 746 431 788 v.
455 726 518 787 316
549 709 663 784 οἶσθα.
714 704 744 778 εί
773 733 865 796 super
894 702 928 775 ol
954 713 1101 794 scn'ptum
1126 712 1165 772 ab
1194 709 1224 772 S.
1253 710 1356 786 statim
1382 707 1462 768 inter

518 839 520 844 ·
549 820 658 886 uersus
678 818 780 882 addita
796 817 1055 899 interpretatione,
1074 833 1152 895 qnae
1164 833 1244 875 nunc
1257 814 1337 874 inter
1350 810 1463 872 scholia

549 925 631 989 edita
643 924 706 984 est:
728 913 852 984 ύίπιθι·
873 914 931 982 καὶ
942 917 996 982 νῦν
1008 913 1068 1001 γὰρ
1090 911 1190 1000 λέγων
1204 903 1337 998 ῶνιαρύς
1349 931 1408 993 μοι
1422 899 1462 973 εἶ.

405 1069 434 1110 v.
457 1049 519 1110 646
550 1037 643 1120 ὅστις
664 1038 692 1104 ‹l’
714 1030 902 1125 ἀνωφέλητα
923 1029 1031 1125 φιτύει
1051 1031 1163 1116 τέκνα,
1193 1029 1228 1098 τί
1253 1027 1338 1096 τόνδ’
1355 1025 1394 1092 ι’ὶν
1414 1022 1463 1094 εύ-

549 1167 629 1222 ποις
649 1136 727 1206 ύλλο
750 1138 834 1228 πλὴν
857 1136 943 1225 αύτῷ
965 1135 1084 1215 πύνοος
1105 1142 1217 1224 φῦσαι,
1240 1127 1305 1199 ni.
1333 1134 1384 1196 Ad
1398 1128 1463 1197 πό-

549 1268 620 1325 νους
640 1247 765 1310 adnotat
785 1246 948 1308 scholiasta
968 1264 1015 1328 γρ.
1039 1236 1157 1321 πέδας,
1193 1261 1284 1322 quam
1303 1240 1464 1302 lectionem

551 1351 617 1415 veri
633 1351 729 1412 simile
752 1353 800 1412 est
817 1351 983 1432 profectam
1004 1365 1073 1410 esse
1095 1347 1133 1408 ab
1148 1365 1194 1425 eo,
1207 1346 1271 1424 .qni
1292 1344 1464 1426 pallidiores

552 1455 662 1520 codicis
684 1454 852 1516 litterarum
869 1453 978 1515 ductus
998 1451 1077 1512 male
1092 1448 1290 1529 transcripsit

400 1575 436 1636 ‘v.
459 1577 522 1636 697
554 1551 595 1619 ὲ
615 1565 695 1656 μήθ’
715 1562 769 1632 ὑπ’
800 1557 957 1654 ὠμηστῶν
977 1566 1077 1630 κυνῶν
1105 1557 1187 1629 stud
1216 1553 1356 1627 ὀλέσθαι
1384 1553 1464 1649 μήθ’

552 1665 616 1737 κτὲ.
639 1709 682 1718 -
725 1672 776 1734 Ad
795 1691 906 1734 nemen
927 1670 1026 1734 κυνῶν
1048 1671 1172 1732 adnotat
1193 1667 1224 1730 S.
1244 1658 1358 1748 λύκων,
1384 1667 1466 1748 quod

551 1779 625 1839 item
645 1795 662 1837 e
684 1775 760 1837 falso
781 1775 867 1838 lectis
890 1776 1002 1838 codicis
1021 1772 1130 1836 litteris
1153 1774 1252 1834 ortum
1273 1773 1401 1835 videtur.

409 1903 438 1944 v.
463 1884 525 1943 970
555 1867 603 1966 ἧδ’
634 1871 652 1942 ὃ
683 1876 815 1962 Θρῃκῶν
841 1867 1067 1960 Σαλμυδησύς,
1095 1872 1137 1937 ἵν’
1166 1867 1337 1957 ἀγχίπολις
1368 1867 1466 1962 ’Άρης

552 1980 698 2046 δισσοῖσι
721 1973 887 2055 Φινείδαις
915 1969 1000 2042 εἶδεν
1019 1967 1138 2063 ἀρατὸν
1158 1972 1258 2053 ἕλκος.
1310 1981 1348 2042 In
1375 1981 1466 2041 textu

555 2106 609 2149 suo
637 2105 692 2168 pro
714 2081 752 2146 ἵν’
776 2083 852 2164 legit
875 2083 904 2146 S.
928 2076 982 2162 ὅν,
1013 2082 1094 2162 qued
1119 2081 1151 2143 in
1172 2081 1273 2143 codice
1296 2081 1466 2166 adscripsit,
1573 2078 1577 2085 ’
1665 2076 1666 2099 ’

554 2189 639 2270 quasi
670 2190 768 2248 recta'
786 2189 869 2247 esset
893 2185 990 2247 lectio.
1050 2183 1118 2246 Hoc
1144 2204 1218 2246 sane
1247 2204 1308 2246 non
1338 2184 1467 2246 multum

553 2289 653 2373 prodit
672 2288 793 2367 ingenii.
1412 2370 1415 2384 .

401 2413 525 2473 v.1307
548 2401 582 2471 τί
602 2407 634 2489 μ’
657 2399 714 2470 ούκ
737 2395 871 2468 ἀνταίαν
894 2438 934 2450 -
959 2398 1096 2467 ἔπαισέν
1117 2425 1168 2480 τις
1194 2393 1396 2492 ἀμφιθήκτῳ
1417 2397 1467 2483 ξί-

555 2532 629 2597 φει,·
662 2510 761 2592 Super
782 2499 916 2570 ἀνταίαν
934 2507 1054 2590 scripsit
1073 2507 1103 2571 S.
1125 2501 1265 2593 καιρίαν,
1286 2528 1363 2591 quae
1385 2510 1467 2572 hand

553 2615 615 2677 scio
636 2633 675 2676 an
703 2611 897 2675 iamdudum
924 2611 956 2673 in
977 2609 1063 2674 MSS.
1085 2614 1238 2694 tamquam
1264 2613 1349 2676 varia
1378 2615 1466 2676 lectio

553 2717 706 2798 suscepta
721 2715 820 2778 seria

402 2841 433 2884 v.
445 2821 529 2880 1314
551 2811 640 2904 ποίῳ
661 2813 698 2881 δὲ
727 2807 923 2879 κάπελύσατ’
942 2811 976 2878 ἐν
994 2819 1110 2901 φοναῖς
1129 2810 1263 2904 τρόποις
1283 2819 1334 2881 Ad
1352 2813 1386 2882 ἐν
1402 2840 1466 2906 φο-

554 2922 625 2998 ναῖς
645 2921 790 3004 scriptnm
812 2922 861 2982 est
880 2920 919 2981 ab
941 2918 970 2982 S.
994 2914 1041 2997 είς
1062 2917 1182 3009 φανὰς,
1213 2923 1293 3003 quod
1314 2922 1399 2984 nulla
1417 2926 1467 2985 est

556 3026 713 3088 sententia.

297 3243 306 3256 Ι
361 3161 495 3224 Maxime
516 3180 589 3225 nero
608 3159 775 3221 cavendum
797 3164 860 3239 est,
884 3181 924 3221 ne
948 3160 1133 3241 glossemata
1161 3160 1199 3220 ab
1221 3158 1251 3222 S.
1278 3179 1371 3241 super
1399 3163 1466 3222 tex-

362 3269 428 3326 tum
451 3266 564 3347 scripta
590 3282 645 3346 pro
671 3262 765 3324 variis
793 3263 970 3326 lectionibus
996 3266 1050 3325 aut
1077 3282 1132 3344 pre
1158 3263 1255 3345 ipsius
1287 3263 1467 3328 coniecturis

238 3437 241 3444 Ι
361 3366 483 3427 habeas.
524 3367 604 3430 Nam
632 3367 723 3427 etiam
751 3367 826 3428 haec
851 3367 951 3430 textui
972 3366 1058 3429 illata
1083 3367 1278 3430 inveniuntur
1302 3387 1371 3431 cnm
1395 3372 1467 3430 noto

363 3469 413 3530 illo
436 3467 514 3548 siglo
536 3467 798 3547 grammaticorum
811 3488 859 3554 φρ.
884 3473 938 3532 aut
959 3463 1014 3533 καὶ
1026 3489 1073 3552 γρ.
1088 3471 1107 3533 i.
1121 3488 1147 3531 e.
1169 3465 1335 3556 γράφεται.
1376 3469 1468 3542 Quod

363 3569 572 3652 compendium
587 3569 704 3631 etiamsi
725 3572 764 3632 ad
777 3572 874 3653 ipsam
886 3573 1002 3636 variam
1014 3574 1171 3636 lectionem
1186 3577 1324 3655 spectare
1336 3574 1468 3652 videtur,

363 3680 465 3738 tamen
486 3685 709 3754 nonnumquam
740 3675 777 3736 ab
800 3675 829 3739 S.
852 3677 1022 3758 promiscue
1050 3681 1229 3759 usurpatum
1251 3698 1322 3740 esse
1343 3695 1467 3759 persua·

365 3799 433 3842 snm
454 3778 527 3840 mihi
549 3779 604 3838 est.
645 3773 688 3838 Ut
734 3831 738 3844 ,
1095 3797 1098 3804 ·

416 3931 445 3972 v.
467 3914 529 3974 633
557 3911 596 3972 ad
615 3911 742 3972 verbnm
763 3901 941 3974 λυσσαίνων
962 3912 1087 3973 adnotat
1107 3910 1138 3974 S.
1159 3931 1206 3997 φρ.
1228 3906 1408 3993 θνμοίνων.

416 4032 444 4073 v.
468 4015 529 4074 699
552 4014 592 4074 ad
605 4033 714 4076 nomen
726 4017 821 4100 τιμῆς
836 4013 980 4096 scriptum
1003 4015 1041 4076 ab
1064 4013 1094 4078 S.
1118 4008 1233 4100 στήλης
1255 4033 1302 4098 γρ.
1316 4010 1372 4077 καὶ
1387 4017 1468 4096 qnod

558 4115 679 4193 quidem
693 4117 760 4179 sine
780 4118 870 4180 dubio
884 4138 902 4179 e
916 4119 1029 4182 scholio
1040 4117 1073 4179 in
1085 4121 1206 4180 textum
1217 4120 1398 4181 tumslatum
1411 4122 1467 4182 est

416 4235 443 4278 v.
467 4216 530 4277 846
559 4217 599 4277 ad
617 4221 744 4280 verbum
771 4215 956 4302 ἐπικτῶμαι
985 4223 1110 4286 adnotat
1138 4218 1169 4282 S.
1194 4240 1241 4306 γρ.
1270 4215 1466 4303 ἐπιβοῶμαι,

557 4319 636 4400 quod
664 4340 723 4401 quo
745 4325 844 4404 magis
869 4325 999 4387 emetri
1024 4326 1142 4387 ratione
1161 4325 1318 4404 abhorret,
1346 4347 1382 4394 eo
1403 4345 1466 4388 cer·

554 4423 616 4485 tius
637 4423 789 4504 glossema
809 4445 975 4507 agnoscere
993 4447 1162 4510 possumus.
